3314 5658
365 535 369 544 .
410 536 416 545 .
492 487 545 546 m

424 487 594 670 drtvCallia
612 575 970 660 Bobiuminltaliam.
1000 573 1110 674 Igitur
1122 566 1364 642 Constantinus
1380 562 1532 632 codicent

407 749 411 757 ⁵
427 711 470 778 dc
491 731 561 798 rep.
581 727 651 772 non
664 692 837 775 Bobium,
856 691 915 759 sed
928 687 1075 758 Rheunos
1093 679 1238 762 detulit,
1257 681 1285 746 si
1303 695 1418 744 tamen
1434 675 1533 742 detu-

423 812 469 884 lit
483 865 491 884 .
504 817 682 884 Praeterea
699 803 873 872 raduanus
891 797 996 865 codex
1014 806 1245 862 anteactarum
1261 785 1423 861 Cerberti
1439 781 1534 848 vide·

408 980 410 988 ,
427 942 485 992 tur
503 919 602 990 Bobii
622 939 694 984 non
712 909 825 980 solum
842 906 1009 976 extitisses
1030 923 1150 970 raum
1168 899 1269 966 etiam
1290 894 1418 968 ibidem
1435 887 1535 956 luisse
1640 885 1641 972 l

425 1029 611 1119 rescriptas
623 1051 633 1090 ε
645 1042 792 1110 namque
803 1012 986 1108 Augustini
998 1007 1254 1100 superimposita
1267 999 1429 1073 Ciceroni
1447 995 1535 1064 scria·

425 1155 526 1234 ptura
545 1134 615 1230 (de
634 1153 701 1222 qua
720 1148 797 1196 mox
812 1119 961 1215 loquar)
980 1117 1116 1186 ridetur
1134 1113 1304 1204 antiquior
1329 1103 1538 1176 saeculode-
1593 1110 1594 1119 ’
1640 1095 1641 1102 '

425 1249 536 1315 cimo.
573 1245 661 1336 Ergo
679 1261 748 1306 non
766 1233 874 1304 audeo
898 1227 1039 1298 delinire
1058 1241 1177 1294 utrum
1200 1222 1373 1290 vaticanus
1393 1215 1450 1284 hic
1475 1237 1538 1281 co-

426 1355 491 1423 dex
509 1349 676 1424 Cerbereo
695 1342 826 1436 aliquid
844 1337 964 1408 debeat
981 1357 1110 1402 necne.
1130 1327 1274 1400 Saeculo
1294 1344 1352 1397 xtt
1373 1323 1540 1394 lohannes

426 1455 678 1533 saresberiensis
696 1447 870 1521 Ciceronis
889 1445 931 1513 de
949 1465 1021 1530 rep.
1035 1438 1129 1508 locos
1147 1439 1252 1517 citat,
1271 1457 1356 1528 quos
1374 1432 1410 1500 in
1427 1447 1541 1498 nostra

428 1567 576 1638 editione
588 1580 622 1631 et
640 1562 676 1628 iu
689 1553 885 1650 praepositis
904 1545 1103 1616 testimoniis
1121 1545 1237 1612 videre
1250 1557 1322 1608 est.
1343 1540 1387 1607 Et
1404 1537 1544 1630 quidem

427 1917 494 1970 xcl
515 1893 529 1988 )
547 1893 682 1990 longior
706 1881 816 1954 multo
841 1896 892 1948 cst
916 1877 1009 1967 apud
1026 1873 1313 1946 saresberiensem
1330 1893 1433 1963 quarn
1450 1871 1545 1960 apud

427 2003 682 2096 Augustiuum:
714 2009 920 2083 quamquam
941 2009 980 2052 ea
999 1984 1111 2075 potius
1137 1975 1356 2071 interpolatio
1381 1978 1549 2068 quaedam

428 2111 598 2181 credenda
616 2123 687 2174 est.
707 2100 857 2174 Alterius
874 2094 942 2163 loci
961 2090 1014 2188 (a)
1035 2094 1097 2162 etsi
1115 2091 1251 2160 initium
1269 2089 1357 2162 sumi
1375 2104 1546 2178 poterate

416 2215 607 2288 *Macrohio
620 2207 673 2306 (3)
694 2255 706 2292 ‚
731 2224 847 2276 umen
865 2199 1038 2292 sequentia
1056 2197 1216 2279 videntur
1233 2213 1368 2286 sumpta
1385 2219 1425 2262 ex
1443 2195 1549 2286 ipsius

310 1715 312 1720 ·
415 1675 524 1748 ¹loeus
543 1675 584 1742 dc
603 1669 710 1761 politis
725 1662 779 1759 (t)
801 1657 996 1755 (siquidem
1013 1657 1041 1722 is
1060 1653 1207 1746 pertinet
1224 1653 1267 1720 ad
1285 1649 1391 1717 libros
1409 1649 1451 1716 de
1468 1669 1542 1736 rep.
1640 1713 1641 1724 q

427 1806 469 1856 ut
486 1787 619 1880 putavit
637 1777 813 1874 Sigonius,
831 1789 937 1862 utque
955 1771 1081 1838 docere
1101 1767 1238 1834 ridetur
1258 1763 1470 1857 Augustinus
1490 1783 1542 1850 cp.
1640 1749 1641 1762 ¹

430 2324 613 2400 Ciceronis
624 2318 794 2400 lectione,
818 2312 979 2406 quoniam
996 2307 1192 2376 Macrobius
1210 2308 1247 2374 iu
1265 2305 1331 2380 alia
1347 2307 1421 2387 *obit
1441 2355 1449 2375 .
1473 2307 1545 2374 Er·
1640 2321 1641 2380 ᾗ

429 2461 474 2531 go
491 2452 611 2503 uuum
637 2426 793 2496 manibus
816 2425 929 2514 ipsunt
960 2417 1132 2487 Ciceronis
1155 2439 1239 2506 opus
1266 2417 1396 2484 triverit
1423 2417 1548 2487 Seres-.-
1640 2397 1641 2480 ζ

431 2543 594 2614 bariensis
607 2587 617 2620 ‚
629 2537 724 2606 haud
735 2533 870 2624 liquido
889 2543 1019 2596 constat
1039 2524 1114 2619 (4).
1141 2527 1325 2617 Ceteroqui
1337 2527 1462 2594 rnirutn
1480 2547 1551 2593 non

423 2669 523 2751 *esset
539 2647 636 2716 haud
654 2644 799 2714 caruisse
819 2639 872 2708 his
889 2636 985 2703 libris
1008 2634 1154 2727 politicis
1166 2635 1452 2710 saresberiensem
1479 2657 1552 2702 sae-

434 2757 514 2830 culo
533 2775 594 2826 xtt
614 2750 817 2842 mquidem
841 2746 864 2814 ii
894 2745 948 2812 vix
970 2744 1133 2812 ducentos
1157 2759 1236 2810 ante
1264 2765 1369 2812 annos
1399 2744 1442 2810 ad
1461 2743 1552 2810 Ger-

432 2867 571 2938 bertum
595 2857 834 2928 deserebantur
855 2903 864 2926 .
889 2854 976 2926 Sane
989 2926 991 2932 s
1006 2849 1141 2942 Lipsius
1168 2849 1278 2917 aiebat
1297 2847 1350 2944 (5)
1375 2875 1409 2918 se
1439 2851 1476 2916 in
1499 2852 1550 2919 Io.
1610 2903 1617 2918 .

433 2967 694 3042 saresberiensis
716 2982 857 3034 centone
875 2957 1000 3030 multos
1019 2979 1147 3050 pannos
1165 2979 1338 3049 purpurae
1368 2979 1551 3050 agnoscere
1640 3019 1641 3022 ,

434 3097 469 3149 et
486 3077 672 3170 fragmenta
695 3075 768 3143 aevi
787 3071 954 3142 melioris.
976 3069 1105 3138 Eodem
1122 3065 1257 3136 saeculo
1276 3069 1397 3134 Petrus
1416 3063 1552 3134 blesen-

433 3189 479 3262 sis
497 3185 663 3254 indicium
680 3182 822 3274 aliquod
840 3179 944 3248 edidit
958 3199 1022 3258 ‚se
1051 3173 1171 3268 legisse
1194 3173 1301 3242 libros
1317 3173 1451 3260 derep.
1473 3170 1553 3264 (6).

425 3287 595 3382 ,Itemque
613 3280 762 3376 aequalis
779 3284 852 3346 eius
864 3282 986 3348 Petrus
1004 3279 1217 3370 pictaviensis
1229 3325 1241 3358 ,
1252 3277 1370 3346 locutu
1381 3302 1422 3346 ex
1434 3278 1554 3352 iisdem

428 3573 435 3605 3
479 3531 527 3598 (ι)
549 3522 595 3592 De
612 3535 675 3595 rep.
693 3531 738 3574 rr.
757 3531 787 3590 9.
948 3580 956 3595 Ι
1059 3495 1107 3574 (ὅ)
1129 3497 1180 3562 Ad
1198 3498 1293 3562 Tacit.
1312 3502 1409 3562 annal.
1430 3508 1553 3568 xrn63.

483 3615 530 3684 (α)
552 3601 660 3672 Polior.
674 3617 719 3660 rr.
732 3619 780 3665 αι.
791 3586 873 3660 Vide
888 3594 972 3646 testa·
1004 3647 1014 3659 ,
1058 3585 1107 3658 (6)
1131 3587 1306 3664 Epnxxxv.
1316 3588 1426 3646 Confer
1442 3589 1479 3647 da
1490 3609 1554 3669 rep.

436 3689 537 3752 monia
553 3731 561 3747 .
1019 3690 1095 3730 tv.t.
1106 3675 1272 3750 papini.
1284 3669 1388 3727 Petrus
1407 3685 1485 3729 certe
1502 3694 1555 3730 so·-

435 3811 439 3820 .
483 3772 531 3848 (3)
554 3767 604 3826 Ad
614 3765 740 3828 somml,
753 3785 778 3824 t.
788 3759 882 3820 Locus
899 3751 971 3811 itctn
989 3780 991 3790 =
1018 3751 1131 3814 mnium
1146 3751 1283 3830 legebat3
1298 3771 1366 3809 nam
1376 3773 1420 3831 ep.
1435 3774 1495 3811 axv
1507 3756 1557 3813 vi.

437 3851 582 3916 Macrobii
606 3852 638 3910 i'n
663 3869 723 3926 quo
751 3865 848 3906 senno
873 3837 907 3897 fit
933 3835 973 3894 da
1019 3837 1131 3896 aionem
1148 3834 1281 3896 Africani
1298 3846 1457 3895 memorat.
1477 3835 1555 3896 Tum

437 3941 607 4008 Frontone,
623 3935 775 4012 profertur
794 3922 938 4002 integrior
954 3941 973 3978 a
1020 3920 1245 4000 epistularum
1264 3931 1326 3978 tota
1344 3933 1388 3978 est
1406 3919 1443 3978 de
1461 3919 1556 3978 admi-

437 4017 650 4081 saresberiensi
668 4059 677 4088 ,
694 4037 782 4096 quam
799 4024 842 4070 ast
858 4009 890 4066 in
905 4002 974 4064 edi·
1020 4003 1255 4082 nistrandarep.;
1267 4003 1553 4082 epistulaverotxxt

439 4105 569 4165 tionibus
591 4101 760 4162 Macrobii.
783 4095 863 4158 Vide
888 4087 975 4148 testi·
1020 4099 1081 4148 tota
1094 4085 1552 4168 deiure.lnaliisquoquecpp.

440 4188 540 4248 monia
563 4187 596 4244 in
625 4203 691 4245 mea
715 4178 873 4246 Frontonis
905 4169 974 4264 edi-j
1019 4173 1144 4232 multam
1169 4173 1274 4230 Petrus
1303 4170 1468 4229 doctrinam
1499 4191 1554 4226 au-

440 4273 534 4356 tione.
566 4320 571 4328 .
770 4311 777 4324 ,
1020 4269 1194 4333 ctorumquo
1226 4266 1360 4323 veterum
1394 4252 1551 4315 lectionem

485 4361 532 4427 (4)
557 4348 675 4431 Yidssis
698 4348 849 4428 disputata
874 4365 893 4407 a
915 4361 974 4416 no·
1017 4355 1092 4430 prae
1108 4348 1141 4404 s'e
1161 4337 1239 4402 tort.

442 4434 491 4500 bis
507 4435 547 4497 ad
563 4453 608 4500 tt·
627 4452 655 4516 9·
673 4433 711 4496 de
728 4453 797 4517 rep„
1021 4443 1029 4476 ι

803 4563 827 4608 ιδ
