3276 5660
398 550 504 612 ulo
721 531 810 610 'DE
839 545 900 609 RE
934 541 1168 614 PV-BLiCA

472 667 565 740 Esse
581 665 703 738 autem
730 685 908 762 angores,
932 661 964 736 si
982 662 1130 737 miseria
1153 653 1322 748 adflictas
1346 673 1450 764 atque
1467 667 1517 752 (a)

407 781 573 882 *abiectas
599 781 798 860 timiditate
823 797 862 856 et
886 781 1059 884 ignauia.
1084 783 1196 874 Idem
1210 809 1298 863 uoo·
1311 790 1452 867 timor..
1492 853 1496 861 .

462 911 520 986 Ut
552 909 676 1009 auriga
710 908 884 984 indoctus
918 931 1072 982 ecurru
1107 905 1290 1006 trabitur,
1320 910 1512 1013 operitur,

409 1027 584 1128 eliditur,
607 1026 790 1106 laniatur.
819 1029 927 1106 Idem
954 1057 1042 1108 uos.
1060 1031 1235 1110 elidere.

483 1152 756 1228 concitationes
798 1152 1009 1224 summorum
1047 1148 1176 1230 iuncto
1215 1153 1338 1232 currui
1382 1151 1520 1231 similes

405 1287 492 1350 sunt
507 1273 576 1370 pin
595 1298 670 1375 quo
685 1284 784 1350 recte
802 1269 1032 1348 moderando
1062 1297 1254 1352 summum
1286 1274 1440 1348 rectoris
1458 1275 1518 1348 os·-
1615 1321 1624 1330 -

405 1398 536 1477 ficium
554 1413 634 1493 est,
657 1413 699 1474 ut
716 1396 819 1472 uiam
833 1395 995 1468 nouerit:
1013 1419 1124 1496 quam
1144 1395 1174 1470 si
1192 1393 1357 1490 tenebit,
1383 1399 1518 1496 quani-

405 1521 497 1598 libet
517 1522 700 1597 concitate
717 1520 827 1616 ierit,
850 1543 924 1594 non
945 1517 1127 1594 offendet:
1145 1521 1176 1594 si
1191 1533 1314 1596 autem
1330 1517 1520 1597 aberram-

405 1647 483 1742 rit‚
503 1645 591 1720 licet
612 1642 758 1748 placide
789 1667 832 1720 ac
861 1643 992 1720 leniter
1009 1658 1095 1738 ραις
1116 1654 1180 1720 aut
1209 1670 1276 1745 per
1304 1645 1521 1748 confragosa

396 1769 623 1868 ,uexatum
645 1784 708 1844 aut
725 1796 791 1871 per
807 1769 1021 1872 praecipitia
1037 1763 1210 1866 labetur,
1227 1783 1291 1844 aut
1306 1785 1423 1871 uerte,
1439 1799 1518 1876 quo

403 1921 481 1972 non
498 1909 553 1970 cst
574 1921 695 1996 opus,
711 1893 917 1968 deferetur.
943 1893 1172 1970 Lactantius
1199 1901 1289 1974 inst.
1302 1923 1365 1974 γι.
1392 1901 1517 1997 17.tu
1626 1900 1627 1910 ³

269 2041 304 2105 Ρ.
322 2038 372 2108 25.
470 2017 595 2102 XLII
597 2081 692 2104 .....
712 2017 797 2104 dici
813 2015 965 2133 possit.
982 2017 1096 2101 Tum
1110 2015 1276 2101 Laelius
1293 2075 1307 2123 ‚
1325 2017 1454 2103 uideo
1473 2038 1522 2114 (t)

405 2158 490 2246 iam
506 2153 631 2244 illum
649 2218 663 2266 ,
688 2189 818 2278 quem
835 2155 1099 2272 expectabam
1117 2217 1131 2266 ,
1148 2159 1290 2247 uirum
1307 2161 1376 2246 cui
1391 2189 1519 2274 ‚prae-

405 2295 522 2386 {teias
547 2295 691 2385 officio
709 2319 750 2382 et
766 2298 958 2384 muneri.
992 2295 1106 2384 Huic
1129 2298 1315 2406 seilicet,
1346 2294 1520 2384 Africa-

404 2467 486 2522 nus
506 2459 581 2544 tc),
614 2437 690 2525 uni
713 2469 871 2552 paene:
898 2468 996 2524 nam
1022 2441 1066 2522 in
1090 2437 1173 2526 hoo
1195 2439 1280 2526 fere
1309 2467 1396 2522 uno
1421 2458 1522 2524 sunt

403 2597 538 2662 cetera
556 2634 569 2683 ,
601 2598 650 2662 ut
666 2607 900 2693 numquam
918 2606 940 2660 a
958 2607 1000 2662 se
1018 2579 1110 2692 ipso
1134 2575 1395 2665 instituendo
1414 2607 1515 2662 con·

402 2713 737 2836 templandoque
761 2717 949 2806 discedat
965 2735 1048 2825 (ὡς
1082 2741 1130 2806 ut
1153 2719 1208 2806 ad
1238 2719 1518 2804 imitationem

403 2859 470 2944 sui
493 2877 617 2944 uocet
641 2858 777 2968 ali0s3
812 2879 860 2944 ut
890 2889 977 2944 sese
1001 2858 1225 2973 splendore
1257 2861 1388 2944 animi
1403 2881 1451 2950 (α)
1478 2879 1516 2946 et

403 2995 514 3098 uitae
532 3027 630 3082 suae
648 2998 757 3083 sicut
774 2995 992 3113 speculum
1004 2983 1200 3110 pnaebeat¹
1217 2989 1404 3088 ciuibus.
1420 2997 1515 3087 “Ut

265 3173 300 3233 ι»,
318 3173 368 3236 26.
401 3193 430 3246 „
463 3139 579 3238 enim
596 3142 642 3226 in
659 3135 817 3227 fidibus
834 3161 882 3232 (ὅ)
901 3159 1023 3231 aute)
1035 3139 1187 3258 uitiis,
1206 3162 1330 3260 atque
1347 3163 1394 3226 ut
1405 3161 1457 3242 ts)
1473 3143 1515 3225 in

440 3354 485 3423 (a)
508 3351 607 3428 Atque
624 3345 738 3406 habent
757 3345 834 3404 duae
854 3343 999 3404 editiones
1021 3360 1050 3406 et
1074 3345 1162 3406 codd.
1175 3326 1241 3419 mse
1262 3361 1292 3406 at
1309 3347 1454 3427 parisiaca
1466 3347 1513 3406 cd.

396 3443 460 3490 atet.
501 3433 547 3508 (b)
569 3431 643 3491 Cod.
656 3431 743 3490 uideo
761 3429 827 3498 bis;
845 3429 898 3486 sed
916 3428 1044 3487 alterum
1058 3432 1168 3488 deinde
1180 3443 1373 3510 expunctum.
1394 3433 1423 3493 Si
1444 3431 1516 3489 reti-

397 3524 538 3586 meretur,
548 3511 633 3574 lieret
645 3511 790 3591 quaedam
800 3509 965 3587 emphasis.
979 3519 1032 3586 '(c)
1044 3515 1241 3592 subintellige
1252 3523 1360 3597 inquit
1380 3521 1428 3589 (d)
1437 3515 1511 3576 Cod.

348 3632 359 3642 -
398 3597 599 3668 discendant,
625 3596 688 3653 sine
716 3595 781 3654 ulla
798 3607 831 3656 ut
858 3592 982 3654 uidetur¹
1007 3598 1233 3658 emendatione.
1275 3607 1318 3676 (e)
1342 3605 1513 3680 Augustae
1611 3646 1617 3673 ἵ

440 3681 497 3758 (s)
523 3681 600 3757 Aug.
612 3679 727 3739 sinent.

318 3843 321 3854 ’
401 3851 929 3948 .(1)Locumlnnncebaetan·
1023 3853 1077 3951 (3)
1102 3859 1201 3928 Hunc
1242 3860 1360 3930 locum
1396 3887 1513 3954 reapse

397 3945 446 4018 tio
471 3947 529 4016 uel
558 3947 721 4016 sumine}
741 3950 853 4040 potius
872 3949 931 4014 in·-
976 3967 1126 4039 spectare
1146 3953 1189 4021 nd
1212 3958 1354 4023 secundi
1374 3954 1454 4024 libri
1465 3955 1512 4022 fi·
1614 4030 1618 4041 ,

396 4039 559 4132 terpolari
577 4063 616 4111 ex
634 4038 755 4111 Tullio
774 4086 785 4122 ‚
810 4042 934 4128 docuit⁸
973 4065 1052 4110 nem
1066 4091 1075 4126 ‚
1090 4045 1263 4134 praeclare
1277 4066 1421 4114 testatur
1432 4047 1511 4116 Au-

394 4154 451 4204 me
462 4135 663 4227 praecedens
678 4133 785 4207 Nonii
802 4147 934 4218 aucto-q
972 4138 1175 4288 {ustinusss
1191 4143 1233 4206 D.
1249 4141 1295 4206 ll.
1308 4165 1345 4208 αι
1362 4141 1416 4208 bis
1429 4167 1510 4210 uer-

396 4229 502 4295 rites.
1000 4226 1049 4292 is:
1068 4254 1145 4296 cum
1164 4227 1283 4323 Scipio
1303 4238 1341 4300 in
1365 4237 1512 4304 secundi

442 4315 495 4410 (a)
520 4321 572 4388 De
601 4321 713 4390 animo
744 4312 929 4389 excolendo
973 4317 1138 4414 b'brifine
1148 4323 1317 4406 dixisset,
1329 4343 1365 4394 ut
1375 4329 1512 4416 infidi·

397 4412 513 4476 scribit
532 4414 664 4502 copiose
683 4411 782 4501 Plato
806 4412 929 4512 quinto
974 4413 1221 4496 descendiis,
1245 4415 1423 4506 etreliqua
1436 4441 1513 4507 pro·

330 4565 336 4578 .
398 4495 514 4600 legum
531 4501 647 4602 libro.
918 4547 929 4566 .
975 4501 1509 4600 liciumquaminmutilocodice

442 4634 453 4669 Ι
