3286 5658
409 451 502 580 594·
590 460 593 468 ’
689 433 1219 558 aenervetrctsraniu.

409 622 477 663 men
495 599 619 669 eandem
635 597 674 660 ab
693 599 823 660 auctoris
838 599 931 678 ipsius
941 616 1038 663 moute
1059 605 1185 664 alienam
1203 587 1404 662 esse.Probat
1420 612 1524 666 autent

408 705 468 746 non
485 707 548 746 csse
563 683 717 766 propriam
737 681 830 742 Tullii
848 687 1042 757 senteutiam,
1061 687 1131 766 quia
1151 685 1216 766 ipse
1236 698 1336 745 orator
1354 687 1436 746 miris
1458 709 1526 748 mu·

407 769 500 832 sicam
518 767 658 829 laudibus
677 767 706 824 in
726 767 834 826 Roscio
851 769 1010 841 extulerit,
1029 771 1168 848 idemque
1186 769 1318 834 camuel·
1332 768 1403 830 inde
1420 791 1437 828 a
1456 773 1524 828 Nu-

408 873 472 914 mae
492 865 587 916 aetate
610 851 699 914 sacris
717 865 805 928 atque
828 849 971 912 conuiuiis
989 853 1156 917 adhibitam
1175 851 1404 912 naemorauerit.
1432 853 1524 926 Quod
1638 895 1639 898 η

407 933 529 1014 siquis,
550 938 646 1018 inquit
669 927 836 1004 Aristides,
858 933 1002 1008 obiiciat,
1028 959 1044 998 a
1068 934 1170 996 Tullio
1194 935 1337 995 musicam
1364 936 1396 994 in
1415 937 1525 996 Roscio
1638 971 1639 976 κ

407 1019 536 1080 oratorie
553 1035 584 1080 et
601 1039 657 1098 pro
679 1015 820 1078 causidici
839 1019 952 1092 officio,
967 1039 1030 1079 non
1046 1040 1081 1080 ex
1097 1017 1186 1080 animi
1205 1017 1349 1078 sententia
1367 1019 1524 1078 laudatam
1638 1059 1639 1062 =

335 1113 337 1118 ’
405 1102 503 1166 uideri
513 1128 522 1170 t
542 1101 776 1181 retorquendum
795 1097 853 1160 sibi
871 1115 1078 1182 argumentum
1097 1103 1204 1178 ait,nt
1219 1121 1327 1182 nempe
1337 1102 1468 1163 inlibris
1486 1105 1525 1164 de

279 1220 282 1227 -
404 1201 469 1266 rep.
481 1205 541 1242 nou
559 1184 699 1246 exanimi
717 1184 761 1244 sui
777 1183 923 1244 sententia
940 1185 1076 1258 Tullius,
1093 1187 1147 1248 sed
1162 1207 1220 1267 pro
1237 1183 1380 1264 loquente
1396 1207 1526 1266 persons

405 1279 436 1326 et
459 1269 648 1348 dialogorum
666 1267 743 1340 ritu,
764 1263 894 1327 musicae
908 1267 1115 1329 maledixerit.
1143 1273 1247 1348 Neque
1264 1271 1344 1330 enim
1360 1269 1409 1330 uel
1428 1269 1526 1351 ipsam

406 1353 587 1414 rhetoricam
604 1365 730 1433 propter
748 1349 901 1428 litigantes
919 1351 1038 1412 rabulas
1056 1351 1298 1433 uituperanerit.

447 1439 508 1498 lam
527 1437 668 1498 Aristidis
689 1435 740 1495 hic
763 1434 847 1493 locus
875 1453 968 1512 quum
984 1433 1059 1496 mihi
1079 1435 1147 1496 luce
1163 1435 1329 1496 meridiana
1348 1436 1459 1496 clarior
1475 1435 1524 1494 uin

406 1520 645 1590 deatur,nescio
662 1538 735 1597 quas
754 1530 851 1575 tamen
861 1519 929 1578 niro
951 1517 1122 1580 doctissimo
1140 1521 1247 1580 offudit
1265 1520 1404 1581 tenebras
1424 1523 1527 1580 Marco

406 1601 567 1662 bleibomio
592 1613 652 1662 not.
685 1601 724 1660 ad
746 1597 906 1670 Aristida(
925 1599 1128 1680 adstipulante
1155 1603 1295 1664 Fabricio
1327 1603 1400 1664 bibl.
1421 1602 1529 1661 latin

404 1686 466 1746 etc.
487 1685 525 1746 de
541 1696 626 1766 rep.)
652 1683 701 1762 qui
720 1683 810 1742 aliter»
818 1679 963 1743 intellexit
980 1685 1122 1746 Aristidis
1139 1687 1232 1747 uerba
1242 1713 1251 1759 ς
1262 1707 1358 1766 neque
1376 1687 1415 1748 ab
1428 1707 1527 1747 eore-

403 1769 580 1850 prehensam
598 1767 711 1843 dialogi
731 1775 905 1846 personam,
928 1763 977 1828 uel
995 1767 1124 1830 auctoris
1150 1771 1401 1842 inconstantiam,
1426 1789 1527 1848 agno-

406 1855 452 1911 uit
464 1878 472 1922 ;
484 1851 538 1912 sed
556 1854 598 1914 sic
610 1851 693 1930 loqui
710 1850 875 1912 Aristidem
893 1850 986 1924 dixit,
1004 1853 1073 1932 quia
1085 1853 1333 1934 isintetpolatum
1349 1855 1530 1918 Ciceronem

407 1935 504 1994 aliena
524 1958 631 2007 mauu,
649 1935 850 2011 intrusamque
869 1933 900 1992 in
923 1955 998 2014 opus
1015 1941 1191 1998 sententiam
1213 1938 1441 2000 existimauerit.
1458 1937 1528 1998 Su·-

286 2027 290 2032 '
404 2019 477 2078 licet
499 2018 538 2077 ad
557 2017 647 2078 uerba
664 2016 687 2083 a·
706 2013 765 2108 adp
778 2015 928 2098 tersio
948 2017 1039 2098 aciat
1057 2019 1166 2108 ἐκείνῳ
1179 2019 1320 2114 sipisim
1340 2031 1528 2084 commenta-

406 2115 459 2162 tur
476 2121 528 2163 seu
546 2101 644 2182 purius
664 2105 868 2166 hallucinatur
893 2109 1067 2172 Meibomius
1089 2111 1148 2173 sice
1176 2115 1261 2174 locres
1277 2133 1386 2175 reram
1401 2112 1530 2171 notabi-

408 2191 471 2272 lis,
498 2189 582 2268 quod
604 2193 665 2250 iam
680 2191 719 2250 ab
740 2194 820 2252 omui
845 2197 963 2255 saerrrlo
989 2199 1166 2276 optimorum
1192 2209 1347 2260 arrcmraaa
1371 2199 1488 2274 scripta
1503 2215 1529 2258 a

408 2277 514 2332 sciolis
530 2287 559 2334 et
580 2273 724 2352 improlis
738 2275 908 2336 homnibus
923 2283 1101 2360 interpolari
1117 2287 1342 2341 consueuerint.

452 2359 544 2415 Porro
561 2355 646 2416 baud
661 2359 824 2419 absurdum
841 2358 899 2418 luit
918 2357 1051 2422 Tullium
1060 2361 1092 2422 in
1108 2361 1234 2441 politico
1244 2355 1335 2444 opere
1345 2361 1526 2423 uerbalace·

409 2457 442 2494 re
454 2437 492 2495 de
501 2439 612 2498 musica
622 2483 632 2512 ,
644 2439 725 2500 cuius
735 2454 846 2500 tantam
865 2460 966 2502 curam
981 2464 1055 2526 prae
1071 2466 1103 2506 se
1120 2445 1190 2509 tulit
1206 2445 1238 2506 iu
1256 2447 1387 2526 politicis
1404 2443 1529 2524 scriptis

287 2516 292 2528 ’
326 2535 327 2540 ’
409 2519 517 2591 Plato,
538 2535 590 2592 ut,
618 2535 740 2581 notante
758 2521 902 2584 Cicerone
921 2525 979 2603 leg.
992 2531 1046 2590 111.
1066 2523 1102 2600 il
1112 2569 1122 2598 ,
1150 2529 1232 2590 illius
1251 2529 1396 2610 placitum
1413 2527 1531 2600 luerit,

407 2609 586 2664 metricorum
602 2605 740 2664 cantibus
757 2609 881 2665 mactatis
898 2616 1011 2670 mactari
1025 2619 1182 2673 ciuitatum
1202 2627 1318 2673 stetur.
1339 2617 1374 2674 Et
1396 2611 1523 2690 quidem

409 2686 447 2742 de
462 2683 633 2745 incredibili
650 2687 749 2747 studio
767 2689 895 2746 musicae
907 2689 988 2768 apud
1009 2687 1261 2772 Graecoslegesis‘
1273 2696 1457 2757 Athenaeum
1465 2693 1526 2754 lib.

407 2775 464 2828 sur
475 2813 484 2840 ,
495 2785 524 2828 et
542 2769 579 2828 de
587 2769 737 2831 'laudibus
754 2771 882 2830 musicae
893 2785 953 2832 tota
963 2787 1008 2834 est
1024 2776 1204 2838 Theodoriei
1215 2777 1294 2858 regis
1311 2779 1526 2860 epistulaCas-

408 2849 483 2910 aiod.
504 2871 566 2912 uar.
586 2855 626 2912 11.
646 2857 694 2924 io.
715 2853 805 2928 Qttod
821 2876 892 2914 uero
908 2856 1050 2918 musicam
1067 2859 1172 2922 cicero
1187 2863 1416 2942 uituperandatn
1434 2881 1528 2922 cura·

409 2935 503 3005 uerit,
523 2935 556 2994 id
577 2933 677 3014 primo
693 2936 757 2996 lieri
776 2937 896 2998 uidetur
910 2937 1012 3002 studio
1029 2942 1187 3004 refellendi
1203 2945 1371 3020 Platonem,
1390 2945 1437 3008 cui
1457 2965 1527 3004 coe-

408 3033 495 3096 ptum
505 3030 548 3080 est
562 3017 727 3102 contradici
736 3020 870 3100 superius
889 3045 952 3103 cap.
966 3023 1037 3097 llll,
1047 3025 1157 3088 deinde
1169 3026 1251 3108 qnod
1261 3051 1348 3109 saepe
1359 3029 1469 3090 mustea
1479 3028 1529 3087 ui·

410 3101 520 3160 deatur
536 3101 786 3181 publicos-mores
804 3126 994 3185 corrumpere
1004 3135 1014 3182 3
1036 3129 1127 3190 quare
1144 3125 1174 3171 et
1184 3113 1321 3193 Ephorum
1339 3113 1421 3194 apud
1428 3110 1525 3189 euty-

407 3183 492 3248 bium
503 3207 590 3246 raeao
601 3185 661 3258 ait,
677 3186 792 3246 fraudis
806 3211 890 3250 causa
901 3203 929 3250 ct
942 3191 1095 3254 cuiusdam
1112 3197 1312 3263 fascinationis
1321 3197 1527 3258 introductam

408 3288 471 3328 osse
481 3267 557 3327 inter
566 3266 864 3343 hominesmusicam3
883 3295 970 3352 quam
983 3290 1080 3338 tamen
1092 3277 1227 3340 delendit
1236 3281 1397 3358 Polybius,
1415 3280 1469 3339 sed
1481 3279 1527 3338 ita

408 3365 467 3434 uta
478 3373 509 3410 se
518 3353 636 3432 protegi
649 3353 730 3413 dicat
746 3376 806 3413 non
816 3355 998 3434 quamlibet,
1010 3363 1063 3422 sed
1078 3359 1136 3431 'rtis
1149 3387 1186 3443 pt
1198 3363 1331 3441 ἅλιθῖς
1344 3361 1520 3452 pancratis.

407 3439 537 3525 Musicae
554 3434 736 3518 uituperatio
752 3449 797 3502 est
812 3441 893 3521 apud
902 3447 1020 3508 Sextum
1037 3473 1115 3532 emp.
1134 3453 1187 3514 lib.
1208 3479 1252 3516 vr.
1270 3457 1526 3517 Seuerebactan·

408 3519 474 3588 tius
485 3523 553 3580 inst.
574 3543 618 3582 vr.
638 3544 687 3595 at,
705 3539 792 3602 atquc
809 3523 891 3584 haud
906 3527 966 3590 scio
985 3553 1023 3592 an
1039 3526 1138 3605 'uirbis
1154 3537 1305 3600 tullianis:
1331 3545 1524 3603 aartrrmuo·

366 3621 372 3634 ·
408 3604 510 3677 lrrptcs
529 3623 568 3664 ee·
589 3611 694 3667 uocum
718 3619 748 3670 et
764 3621 904 3668 cantuum
929 3609 1286 3702 sacratarii-‘peccabilem
1305 3645 1382 3706 quae
1406 3627 1527 3682 scilicet

407 3698 468 3745 taur
490 3691 680 3758 uitiosum,
699 3711 789 3770 quom
807 3693 963 3759 oblectatio
989 3705 1064 3774 itta,
1088 3705 1127 3765 de
1152 3729 1213 3785 qua
1231 3709 1387 3780 dirimas,
1411 3709 1520 3766 oculo·

410 3792 490 3831 rum.
513 3775 590 3842 Quis
606 3779 683 3832 enim
700 3797 760 3836 noa
778 3777 970 3845 luxuriosum
986 3806 1021 3845 uc
1035 3807 1162 3867 nsquam
1175 3801 1259 3869 putet
1280 3813 1364 3864 eum,
1381 3795 1434 3871 qai
1449 3809 1522 3846 sce-

409 3861 495 3920 nicas
516 3866 598 3916 artes
618 3855 700 3916 douai
724 3859 850 3920 debeat?
866 3869 963 3944 Atqui
977 3871 1058 3930 nihil
1078 3873 1187 3952 rqsert,
1206 3889 1343 3937 utrumne
1360 3877 1520 3936 luxuriam
1638 3897 1639 3948 ξ

409 3939 588 4035 εοίιισοᾰωιιί
598 3981 608 4010 ,
629 3961 741 4004 mcum
746 3949 859 4023 populo
875 3967 1012 4011 exerceas
1021 3957 1054 4014 irs
1063 3955 1196 4016 theatro.
1217 3961 1320 4036 Pergit
1338 3957 1518 4018 deiudeLa·
1638 3981 1639 4016 t

410 4035 540 4097 crannus
555 4035 623 4102 post
646 4043 731 4084 sonos
756 4025 975 4106 reprehendere
995 4057 1114 4096 carmen
1135 4041 1354 4124 orationemque
1379 4059 1519 4112 suauemg
1638 4041 1639 4096 l

410 4125 486 4189 quae
502 4103 600 4168 omnia
617 4105 658 4168 ad
673 4109 868 4172 imitationem
885 4115 979 4176 Tullii
991 4119 1136 4184 conscribi
1154 4125 1293 4188 uidentur
1302 4169 1313 4204 ·.
