3314 5658
458 487 513 550 rt

454 613 659 686 quamquam
677 594 840 688 scriptura
854 584 1024 688 supposita
1044 595 1132 666 nibil
1144 585 1250 690 prbpe
1268 596 1487 670 nuvibabere
1504 596 1554 664 vie

454 703 579 769 detur.
603 705 644 769 ln
661 703 891 771 voluminibus
909 727 978 772 non
989 707 1160 795 rescriptis
1178 710 1399 774 vetustissima
1411 709 1554 795 scriptu·

454 826 560 876 ranst
579 811 704 878 codicis
723 830 821 880 xxvt
842 809 1022 904 Augustini
1047 813 1088 878 de
1108 813 1240 880 civitate
1259 815 1342 894 Dei,
1364 811 1482 882 litteris
1510 815 1554 878 si-

449 915 587 986 milibus
605 942 722 985 earum
740 920 863 1008 quibus
882 917 994 985 Tullii
1018 917 1180 1008 inter-pies
1205 923 1240 987 in
1263 922 1472 988 ambrosiano
1491 943 1547 984 aa·

450 1025 629 1116 ticanoque
650 1025 766 1092 codice
796 1025 983 1094 scribitur.
1011 1027 1151 1096 Utinam
1179 1054 1259 1098 vero
1288 1033 1317 1098 is
1347 1032 1452 1098 codex
1474 1025 1551 1092 mibi

451 1156 544 1198 nunc
562 1135 605 1200 ad
629 1155 748 1200 uranus
776 1129 916 1215 suisset,
948 1149 986 1199 ut
1003 1132 1141 1222 politica
1168 1133 1279 1206 Tullii
1309 1131 1493 1227 fragmenta
1522 1153 1557 1198 ex

451 1267 492 1311 eo
516 1246 628 1333 potius
658 1265 803 1332 quarm
832 1243 1076 1310 recentioribus
1106 1241 1288 1336 Augustini
1318 1237 1557 1336 exemplaribus

452 1349 692 1438 compilarem!
714 1350 881 1438 Equidem
899 1371 985 1414 nora
1004 1350 1107 1416 editio
1126 1353 1349 1442 augustiniani
1368 1353 1480 1441 operis
1498 1370 1555 1414 no·

451 1460 606 1528 bilissimi
637 1461 786 1526 curando
816 1477 866 1526 est
890 1462 933 1526 ud
951 1459 1035 1526 tanti
1055 1461 1180 1526 codicis
1198 1459 1330 1530 fidem:
1360 1465 1463 1553 idque
1488 1483 1558 1526 mu-

449 1589 514 1630 nus
533 1590 552 1629 a
569 1563 744 1638 veronensi
764 1560 879 1650 aliquo
900 1562 995 1641 cive,
1014 1563 1157 1644 Norisii,
1176 1562 1392 1647 blanchinii,
1413 1563 1557 1641 Mallcii,

451 1669 613 1742 Vallarsii
652 1687 686 1736 et
716 1666 979 1736 balleriniorum
1016 1669 1183 1752 aemulo,
1212 1673 1459 1762 expectandum
1492 1685 1554 1736 est.

423 1779 571 1863 ,Unum
599 1776 710 1844 adbuc
738 1775 932 1842 memorabo
961 1773 1214 1866 palimpsestum
1246 1799 1407 1850 xxxvia!
1423 1802 1467 1858 ,e
1495 1795 1557 1864 quo

450 1888 667 1955 vehementer
697 1901 777 1975 opto
801 1885 953 1950 suscitari
976 1881 1161 1976 fragmenta
1192 1886 1419 1956 mathematici
1449 1881 1558 1957 latini,

450 1993 573 2062 litteris
597 1997 749 2084 apprime
773 1989 925 2080 pulchris
937 2009 970 2058 et
991 1991 1093 2062 valde
1107 1997 1223 2083 priscis
1242 2013 1400 2062 exarata:
1423 1996 1507 2064 Saue
1526 2011 1560 2052 ex

432 2151 439 2160 -
451 2107 491 2171 iis
505 2101 652 2194 plagulis
667 2100 755 2167 carie
769 2100 953 2166 admodum
967 2100 1140 2168 terebratis
1156 2121 1311 2193 excerpta
1322 2105 1486 2193 quaedam
1500 2100 1559 2166 mi·

449 2211 488 2278 bi
508 2210 659 2280 conieci:
673 2225 774 2300 atque
788 2208 823 2274 iu
833 2205 887 2272 his
899 2203 1106 2274 vccabulum
1125 2209 1359 2300 deprehendo,
1373 2211 1466 2300 quod
1480 2208 1560 2276 Ges·

450 2321 525 2388 neri
543 2313 796 2414 Forcellinique
815 2311 929 2380 lexicis
948 2315 1060 2382 deest:
1080 2315 1176 2384 cuius
1199 2317 1250 2383 rei
1269 2335 1307 2382 ut
1325 2316 1428 2384 fidem
1446 2313 1560 2380 luciam

451 2447 552 2519 atque
570 2445 610 2494 ut
634 2428 676 2494 ad
701 2425 854 2492 codicem
872 2423 1023 2495 curiosos
1045 2425 1255 2514 antiquitatis
1285 2427 1446 2502 invitarer
1470 2419 1559 2512 pagi·

398 2581 399 2586 κ
449 2564 493 2606 na
514 2538 591 2606 336.
610 2535 645 2600 b.
663 2531 730 2600 col·
748 2559 776 2598 ι.
790 2555 822 2598 v.
837 2535 879 2600 23
899 2529 1054 2622 legebam
1070 2532 1404 2614 udKQutrtQtJtPLoot
1424 2535 1558 2601 vestiet·

450 2647 577 2716 Eadem
594 2665 659 2708 vox
677 2640 827 2707 occurrit
844 2639 946 2704 etiam
963 2663 994 2705 v.
1017 2666 1048 2731 7.
1069 2641 1177 2706 lluios
1195 2664 1274 2708 vero
1293 2644 1430 2734 paginae
1450 2654 1558 2706 rectae

451 2751 649 2820 inscribitur
667 2743 787 2812 titulus
805 2744 866 2810 lib.
887 2763 954 2812 xv.
975 2743 1068 2814 Tum
1087 2770 1119 2834 p.
1142 2745 1219 2830 34¹·
1241 2771 1269 2812 a.
1291 2747 1356 2814 col.
1379 2777 1409 2818 a.
1424 2773 1454 2814 v.
1477 2767 1554 2838 9⁸¹¹
1629 2783 1630 2790 κ

449 2859 625 2955 legebam:
643 2882 686 2926 oc
698 2853 767 2924 duo
789 2873 1049 2924 unumunurn
1069 2861 1172 2924 totius
1185 2859 1402 2947 pyranu'dis.
1417 2861 1493 2926 Vox
1506 2880 1563 2922 au-

452 2993 520 3042 tem
537 2977 800 3042 recisamentum
819 2991 886 3032 una
909 2965 1072 3032 hactenus
1090 2967 1153 3030 niti
1172 2966 1348 3034 videbatur
1371 2965 1476 3032 Plinii
1502 2987 1562 3030 au‘

454 3083 610 3151 ctoritate
630 3094 770 3154 xxxiv.
796 3099 847 3144 ιι.
867 3069 955 3142 Huic
974 3095 1054 3140 vero
1072 3073 1211 3162 paginae
1240 3071 1502 3162 superscribitur
1516 3072 1561 3136 ti-

453 3187 547 3258 tulus
564 3185 625 3253 tib.
638 3191 755 3254 xttt'tt
783 3201 989 3270 quamquam
1005 3179 1034 3244 is
1052 3175 1139 3244 liber
1158 3179 1291 3246 videtur
1310 3179 1345 3244 in
1363 3181 1481 3246 eadem
1502 3203 1561 3244 cr-

450 3297 597 3389 plicerc,
623 3305 657 3355 et
678 3285 767 3352 alius
786 3289 958 3375 incipere,
987 3287 1033 3350 ita
1053 3302 1092 3350 ut
1109 3287 1211 3353 verba
1229 3287 1400 3374 praedicta
1429 3287 1465 3350 in
1484 3309 1564 3352 eou-

450 3416 610 3492 sequente
631 3395 719 3460 libro
744 3393 833 3458 sint.
858 3395 958 3460 Nunc
982 3407 1022 3458 ut
1052 3391 1187 3458 Verona
1218 3395 1377 3476 Romam,
1398 3412 1499 3484 atque
1524 3391 1563 3456 ad

451 3529 566 3576 meum
594 3497 809 3592 propositum
834 3521 852 3564 c
881 3497 1033 3592 longiore
1064 3495 1266 3566 diverticulo
1290 3503 1445 3578 redeam
1476 3504 1563 3567 iuter
1618 3501 1626 3510 '

452 3614 585 3681 codices
611 3631 629 3673 a
659 3629 713 3672 me
742 3604 962 3686 observatos,
986 3603 1159 3672 uatimnus
1187 3606 1229 3672 de
1261 3629 1330 3698 rep.
1360 3609 1564 3697 perfectione

455 3721 595 3812 quidem
613 3713 807 3784 litterarum
823 3707 997 3778 nonnullis
1016 3709 1127 3789 cedit,
1151 3711 1383 3802 magnitudine
1408 3730 1521 3780 tamen
1536 3725 1566 3778 ct

453 3826 633 3919 splendore
652 3843 756 3911 prope
775 3821 931 3910 princeps
950 3834 1020 3884 est.
1041 3819 1131 3910 Ergo
1150 3817 1305 3886 omuibus
1325 3823 1564 3900 consideratis,

454 3954 660 4031 quamquam
678 3957 731 3998 res
750 3947 963 3998 controversa
981 3941 1030 3994 est
1042 3973 1051 4008 ‚
1065 3943 1165 4016 atque
1182 3925 1218 3994 id
1236 3929 1362 4020 mande
1381 3932 1561 4020 scripturae

453 4067 558 4138 genus
585 4037 680 4106 nulla
705 4035 774 4104 sere
798 4037 903 4102 aeta'te
923 4034 1078 4123 usurpari
1097 4055 1166 4099 non
1190 4035 1323 4122 potuita
1347 4037 1430 4104 mibi
1455 4055 1573 4138 tamen

452 4149 555 4245 paulo
574 4149 705 4240 aegrius
723 4143 965 4234 persuaserim,
991 4157 1059 4208 tatu
1077 4139 1293 4231 splendidum
1311 4158 1446 4236 tamque
1465 4144 1561 4214 luun-

453 4263 580 4328 riosum
598 4251 759 4340 tullianae
778 4251 862 4340 reip.
884 4250 1036 4316 codicem
1055 4295 1065 4329 ,
1083 4267 1159 4338 post
1176 4251 1307 4338 imperii
1325 4253 1456 4318 romani
1476 4249 1560 4319 exci-

435 4365 573 4464 fidium,
592 4362 744 4430 barbaris
768 4361 805 4429 in
828 4355 924 4450 ltalia
943 4356 1183 4467 regnantibus,
1202 4355 1302 4430 luisse
1315 4359 1485 4458 scriptum
1497 4367 1559 4484 2⁰²
