3286 5658
429 485 524 589 314
580 471 594 484 ⁹
703 564 711 572 .
761 507 918 582 unns
950 481 1188 576 tratres

425 624 603 722 uoluisti,
624 639 699 700 non
716 623 877 726 simplici
892 637 929 698 et
946 622 1113 700 absoluta
1126 623 1204 698 lane
1216 621 1458 700 insinuatione
1471 617 1551 698 cu'·'

426 763 549 826 ratum
565 762 641 843 est,
654 746 718 824 aed
730 748 890 850 quaesita
902 773 1059 848 persona
1071 771 1246 848 casusque
1258 748 1459 846 excogitata
1473 773 1549 822 no-

427 875 573 965 uitas‚et
589 873 797 974 composita
813 871 985 948 aduocati
1003 874 1423 975 scena.figmenti,ipsam
1434 897 1548 974 quae-

427 995 532 1073 rendi
552 995 628 1068 ueri
655 995 804 1068 ianuam
832 991 1024 1068 mendacio
1055 988 1298 1094 polluerunt?
1326 995 1425 1068 Haec
1446 1019 1545 1095 qino·

426 1121 527 1194 niam
544 1175 556 1214 ,
573 1143 660 1192 cum
675 1114 722 1190 de
740 1115 926 1216 platonico
939 1117 1012 1189 Ere
1025 1116 1236 1211 iactantur,
1260 1119 1370 1192 etiam
1381 1118 1544 1219 quietern

428 1241 594 1322 Africani
610 1237 726 1313 nostri
748 1237 962 1310 somniantis
980 1236 1147 1314 incusant
1162 1251 1233 1312 otc.
1245 1231 1362 1313 'Idem
1378 1264 1465 1341 cop.
1488 1242 1546 1312 II.

531 1359 642 1434 VIII.
670 1355 882 1456 Scipionem
908 1355 1002 1430 haec
1019 1358 1168 1432 occasio
1186 1343 1473 1430 admirandum
1488 1385 1549 1432 so·

431 1486 575 1561 mnium
602 1477 855 1582 prouocauit,
884 1477 985 1580 quod
1012 1479 1121 1577 longo
1150 1493 1317 1580 tempore
1333 1505 1371 1554 se
1397 1494 1549 1556 testatus

378 1687 381 1692 ,
433 1625 489 1686 est
505 1606 648 1683 silentio
674 1601 905 1678 condidisse.
932 1605 1028 1678 Cum
1043 1605 1144 1678 ennn
1174 1601 1317 1679 Ludius
1339 1621 1550 1708 quereretur

434 1730 552 1806 nullas
574 1726 727 1820 Nasicae
743 1729 881 1798 statuas
903 1725 941 1798 in
967 1723 1119 1827 publico
1146 1717 1188 1798 ir'r¹
1203 1725 1384 1798 interlecti
1403 1727 1551 1827 tyranni

434 1851 764 1931 remunerationem
791 1845 930 1921 locatas
956 1853 1037 1942 (¹),
1075 1847 1264 1948 respondit
1301 1841 1431 1948 Scipio·
1463 1861 1552 1950 post

356 2059 360 2062 ,
438 1976 509 2052 alia
537 1975 576 2048 in
607 1970 699 2046 haec
732 1967 879 2042 uerba:
910 2007 932 2024 -
969 1967 1039 2040 Sed
1057 1965 1298 2070 quamquam
1322 1968 1554 2068 sapientibus

337 2169 342 2182 ,
439 2093 662 2171 conscientia
695 2092 774 2194 ipsa
808 2089 996 2166 lactomrn'
1027 2091 1251 2190 egregiorum
1280 2091 1554 2191 amplissimum

438 2219 585 2298 uirtutis
619 2227 673 2292 est
705 2215 912 2318 praemium
942 2221 1019 2308 (ῆς
1048 2228 1170 2288 tomen
1195 2212 1259 2288 illa
1288 2214 1412 2288 diuina
1438 2217 1554 2292 uirtus

441 2371 517 2420 non
550 2355 686 2416 statum
718 2339 876 2442 plumbo
902 2338 1129 2412 inhaerentes
1157 2339 1231 2434 (3),
1256 2363 1323 2412 nec
1349 2341 1556 2440 triumphos

442 2460 687 2536 arescentibus
720 2459 879 2553 laureis,
909 2457 973 2532 sed
993 2457 1192 2561 ¹'stabiliora
1219 2459 1397 2560 quaedam
1426 2477 1464 2535 et
1496 2463 1555 2534 ui-

445 2581 582 2661 ridiora
599 2556 853 2682 praemiorum
882 2605 1009 2678 genera
1043 2575 1222 2659 desiderat
1244 2577 1316 2680 ll).
1341 2579 1442 2670 Quae
1472 2597 1557 2660 tau-

495 2789 548 2886 (ι)
573 2793 661 2860 Hine
693 2793 814 2860 Cicero
834 2790 876 2858 ad
904 2788 975 2860 An.
1072 2790 1126 2884 (3)
1150 2793 1336 2861 Catoniana
1392 2796 1555 2862 sententia

450 2907 504 2952 vr.
532 2911 542 2950 t
578 2884 799 2974 reprehendit
828 2905 978 2950 errorem
1024 2882 1109 2950 haec
1127 2901 1199 2950 est.
1219 2881 1339 2948 Noluit
1363 2885 1455 2951 enim
1471 2887 1556 2954 Cato

449 2975 606 3056 Metelli,
638 2978 698 3065 qui
717 2991 858 3042 statuam
884 2973 980 3041 Afri-
1029 2976 1092 3039 sibi
1110 2989 1254 3041 statuam
1271 2975 1373 3064 poni,
1393 2975 1484 3066 quod
1503 2981 1561 3044 di·

448 3071 527 3136 cani
545 3083 726 3162 putauerat
739 3091 809 3132 esse
828 3067 981 3149 Nasicae,
1031 3083 1145 3149 ceret,
1168 3063 1270 3132 malle
1290 3087 1325 3132 se
1344 3067 1411 3132 iam
1439 3071 1558 3158 quaeri

446 3177 600 3252 'quorum
637 3161 814 3250 utriusque
857 3181 982 3250 cogno·
1030 3179 1090 3223 cur
1108 3181 1199 3240 non,
1221 3181 1398 3248 quamcur
1417 3161 1560 3228 sibista·

446 3259 531 3320 ''men
549 3251 615 3318 suit
628 3249 762 3342 Scipio.
785 3251 857 3320 Gur
871 3264 983 3316 autem
1031 3267 1089 3316 tua
1108 3268 1194 3317 esset
1210 3251 1338 3339 posim
1358 3249 1453 3318 Plut.
1473 3254 1558 3344 reip.

447 3345 488 3411 'in
506 3345 572 3412 hoc
605 3345 646 3410 de
665 3367 733 3432 rep.
754 3331 848 3418 libro
876 3365 983 3410 sermo
1032 3365 1155 3434 gespr.
1169 3336 1375 3434 ¹t.tn.p.263.
1390 3345 1558 3434 etapoph.

453 3437 579 3504 suit·de
604 3429 753 3512 Nasica?
781 3435 860 3500 Sine
880 3435 984 3510 dubio
1034 3451 1058 3502 t.
1083 3452 1136 3499 vl.
1150 3457 1185 3522 p.
1199 3439 1277 3525 750.
1297 3439 1338 3505 ln
1353 3437 1496 3504 eandem
1512 3435 1562 3504 le-

428 3561 433 3572 ·
454 3529 531 3618 qnia
551 3527 616 3594 suit
641 3527 697 3594 Ti.
715 3523 863 3594 Gracchi
876 3527 983 3590 inter·
1029 3549 1066 3592 re
1078 3527 1276 3595 sententiam
1294 3525 1449 3618 loquitur
1462 3530 1563 3594 etiam

454 3619 574 3694 sectum
589 3617 739 3686 Gracchi
750 3632 863 3682 sutem
875 3617 985 3684 neoati
1028 3617 1208 3686 Maecenas
1240 3619 1283 3685 ad
1314 3617 1505 3714 Augustum
1524 3643 1562 3684 a·

448 3707 781 3777 -mentionemhoc'in
794 3730 891 3800 opere
902 3705 987 3774 luis·
1032 3709 1103 3798 pud
1135 3711 1279 3777 Dionem
1304 3725 1371 3780 nn.
1392 3711 1443 3779 35.
1466 3713 1562 3778 Con*

451 3827 490 3872 se
509 3797 989 3892 teatisest·AuguetinusG.D.'
1019 3797 1085 3890 ·ser
1122 3802 1259 3888 Catonis
1296 3805 1441 3870 dietum¹
1472 3803 1564 3894 apud

457 3897 503 3961 ΙΙ.
521 3921 575 3964 21.
597 3895 686 3985 Lege
704 3893 849 3959 eundem
867 3889 1012 3983 Augu-²
1034 3892 1243 3960 Frontonem
1274 3895 1316 3960 de
1353 3893 1413 3964 fer.
1436 3890 1495 3958 als.
1519 3897 1561 3960 II.

459 3981 589 4054 atinum¹
615 3988 655 4055 C.
676 3986 727 4062 DJ
739 3986 766 4050 I.
796 3983 851 4064 30,
870 3983 930 4047 ubi
961 3985 1006 4050 is¹
1031 3983 1108 4073 ¹Gur
1120 3985 1246 4056 statuae
1258 3987 1339 4076 poni
1350 3985 1493 4053 debeant
1503 3987 1563 4052 he-

459 4081 577 4148 scribit
601 4080 642 4149 de
667 4077 810 4156 Nasica,
834 4076 877 4143 hd
896 4074 988 4144 hunc
1018 4077 1225 4144 ‘ne‘meritis
1244 4077 1286 4161 de
1305 4102 1376 4172 rep.
1397 4079 1481 4146 uiris
1508 4105 1564 4146 ex-

453 4171 598 4241 ‘l'ortasse
618 4169 790 4241 Ciceronis
808 4166 924 4234 locum
936 4189 988 4233 re·
1006 4175 1011 4192 ‘
1035 4169 1132 4262 ponit
1151 4162 1374 4261 Symmachus
1390 4195 1441 4261 ep.
1456 4194 1492 4245 x.
1508 4169 1564 4240 32.

402 4298 404 4306 ·
460 4260 627 4356 spic'ie'ns.
675 4333 680 4354 ἲ
736 4305 739 4312 ,
867 4303 890 4348 '.
1037 4299 1040 4306 ¹
1083 4255 1137 4355 (cl)
1157 4256 1322 4353 Intelligit
1341 4259 1564 4345 immortalem

453 4423 460 4432 ,
508 4353 562 4446 (a)
578 4351 856 4426 Consentanea
867 4350 989 4441 reipx.
1006 4403 1009 4410 ,
1033 4349 1206 4430 honorum
1219 4354 1413 4426 uitandam
1425 4357 1469 4424 ad
1482 4355 1563 4424 hanc

463 4467 496 4538 p.
508 4451 588 4531 69&
607 4449 767 4528 Seruium
785 4469 859 4522 een.
868 4445 896 4514 1.
911 4440 1008 4532 604.
1035 4461 1261 4538 perpetuam,
1288 4460 1392 4539 qnam
1410 4447 1482 4540 ipse
1500 4449 1563 4516 hoe
