3276 5660
499 470 721 551 arsen
752 445 824 552 in.
1125 451 1209 548 adr

163 589 322 682 XXXI
325 661 390 684 .....
398 620 611 716 reportare
626 627 673 692 (a)
684 601 820 719 iErgo
837 589 954 686 illam
970 621 1060 686 rem
1076 626 1216 718 popu*
1246 599 1282 660 Ρ·
1302 592 1372 658 ²⁵¹·

103 727 159 841 li,
193 735 240 819 id
263 759 323 824 est
346 769 434 825 reru
458 739 697 856 publicam,
722 743 817 859 quis
835 736 992 824 diceret
1006 757 1098 824 tum
1117 769 1216 826 cum

101 873 352 966 crudelitate
376 884 500 968 unius
529 885 717 998 oppressi
749 902 884 969 essent
906 881 1096 968 uniuersi
1120 903 1165 978 (s)
1189 881 1216 966 i

101 1029 242 1136 neqire
260 1047 364 1110 essct
387 1053 522 1112 unum
538 1028 759 1114 uinculum
776 1029 906 1132 iuris,
938 1055 1016 1114 nec
1034 1059 1218 1116 eonsen-

99 1185 171 1242 sus
195 1179 245 1244 a'c
276 1165 451 1250 societas
475 1187 650 1273 coetus,
684 1166 804 1285 quod
837 1189 899 1252 est
927 1167 1111 1282 populus
1137 1195 1218 1288 <ot

99 1293 245 1418 Atque
275 1300 357 1398 hoc
381 1311 496 1398 idem
519 1312 760 1427 Syracusis.
792 1309 905 1423 Urps
930 1340 974 1408 (ι)
1001 1307 1074 1395 illa
1095 1343 1218 1428 prae·

142 1495 191 1559 (a)
217 1481 350 1545 Videtur
366 1485 466 1566 Scipio
483 1485 566 1566 loqui
588 1487 625 1544 de
641 1485 809 1548 Phalaridis
827 1484 1007 1566 tyrannide3
1034 1503 1104 1548 narn·
1121 1452 1215 1569 paula

98 1583 170 1648 post
193 1569 304 1628 mentio
320 1569 371 1628 liet
389 1572 545 1648 Agrigenti
564 1569 641 1629 inter
658 1570 732 1630 alias
759 1569 847 1630 urbes
866 1567 1026 1647 tyrannide
1044 1592 1218 1650 oppressas.

101 1651 239 1722 (Recole
254 1653 324 1711 item
342 1653 380 1712 de
398 1675 459 1732 rep.
471 1653 494 1714 l.
506 1653 635 1726 98.)Αᾶ
649 1647 728 1714 hanc
741 1653 803 1714 ueri
823 1647 1003 1712 simillimam
1020 1655 1219 1716 coniecturam

102 1737 240 1796 adducor
256 1739 416 1817 praecipue
427 1737 480 1796 illo
490 1739 581 1798 uerbo
590 1749 746 1818 reportare
759 1740 791 1796 in
799 1758 857 1816 quo
869 1749 960 1796 cessat
978 1737 1096 1798 lacuna.
1110 1741 1221 1800 Narrat

100 1821 178 1878 enim
201 1819 349 1879 Diodorus
368 1845 439 1880 xur.
463 1841 502 1896 90
528 1821 697 1881 Phalaridis
716 1835 833 1880 taurum
857 1840 1005 1889 aeneum,
1032 1823 1123 1898 quise
1141 1819 1219 1888 scri·

97 1904 190 1964 bento
204 1916 467 1981 supererat,quem
478 1905 550 1964 olim
559 1904 709 1964 Hamilcar
719 1903 932 1980 Karthaginem
943 1905 1220 1976 transtuleramsci·

97 1989 184 2069 pioni
207 1999 326 2056 nostro,
350 1987 399 2063 qui
410 1988 479 2046 heic
495 1988 641 2065 loquitur,
659 2000 728 2066 post
742 1987 896 2046 uictoriam
913 1987 1051 2064 punicam
1069 1988 1219 2068 placuisse

97 2071 298 2150 Agrigentum
308 2082 473 2150 emortua-e.
485 2069 579 2130 lmmo
587 2071 630 2129 rei
640 2065 821 2129 luculentior
829 2065 912 2128 testis
922 2083 965 2129 est
973 2069 1077 2130 Cicero
1089 2072 1120 2128 in
1129 2073 1220 2135 Verr.

100 2177 147 2214 rv.
160 2157 212 2216 332
228 2159 261 2213 in
277 2158 317 2213 iis
334 2177 411 2236 qrsae
427 2166 499 2214 sunt
516 2157 636 2214 redditu
646 2156 857 2232 Agrigentinis
863 2156 933 2230 ficit
943 2160 1032 2212 etiam
1042 2158 1096 2213 ille
1104 2155 1218 2220 nobilis

98 2249 210 2298 tarsrrrs
221 2278 229 2306 ,
239 2259 323 2317 quem
332 2239 561 2298 crudelissimus
574 2241 704 2299 omnium
714 2249 911 2318 tyrannorum
922 2239 1069 2295 Phalaris
1079 2235 1222 2298 lalisisse

98 2323 312 2398 elicitamque
334 2330 422 2382 asinos
444 2326 587 2401 supplicii
602 2341 697 2382 cerasa
713 2321 867 2380 demittere
885 2319 1017 2380 homines
1033 2330 1062 2376 et
1087 2319 1221 2384 subicere

95 2408 256 2483 flammam
267 2407 399 2464 solebat.
412 2411 502 2481 Qarem
513 2415 634 2464 lauream
653 2409 755 2483 Scipio
766 2425 832 2464 cum
845 2405 980 2462 redderet
991 2407 1222 2480 Agrigentinis,

99 2491 224 2548 elisisse
237 2487 369 2547 dicitur:
397 2511 522 2570 anassem
539 2509 604 2548 esse
619 2489 703 2548 illud
717 2493 871 2566 cogitare,
889 2497 989 2546 istriam
1006 2498 1084 2545 esset
1102 2489 1221 2549 Siculis

101 2577 232 2639 utilius,
251 2576 355 2630 suisne
371 2578 488 2631 seruire
507 2595 546 2630 an
560 2575 672 2650 populo
689 2589 813 2630 romano
827 2571 1041 2650 obtemperare3
1059 2591 1125 2630 eum
1142 2574 1223 2632 idem

102 2663 322 2716 monumentum
338 2663 367 2712 et
382 2653 562 2715 domesticae
578 2649 772 2714 crudelitatis
791 2659 821 2710 ei
842 2663 965 2712 nostrae
980 2658 1222 2714 mansuetudinis

100 2741 259 2800 haberent.
277 2737 358 2794 Haec
366 2739 457 2796 uerba
473 2733 611 2798 lacunam
618 2736 742 2796 fortasse
760 2735 947 2813 aliquatenus
958 2735 1077 2814 explent
1086 2747 1136 2807 get
1155 2758 1221 2798 cer-

100 2834 131 2880 te
143 2821 364 2880 cumlaelianac
382 2819 522 2880 orationis
541 2819 672 2880 clausula
686 2819 776 2878 ualde
795 2820 983 2896 conspirant.
994 2819 1223 2879 Taurumillum

87 2906 262 2984 ‘numquam
281 2905 436 2982 Agrigenti
456 2903 584 2961 extitisse
601 2897 748 2962 sententia
766 2901 881 2959 Timaei
896 2901 974 2971 luit,
997 2917 1083 2978 quem
1100 2899 1223 2962 histori-

98 3011 169 3066 ,eum
184 2987 292 3046 acerbe
310 2988 419 3044 refutat
433 2985 574 3062 Polybius
585 3005 642 3042 ιιι.
654 3003 702 3064 27.
715 2984 809 3042 lluius
820 2984 890 3042 item
910 2985 1128 3043 controuersiae
1137 3007 1225 3046 taen-³

99 3073 213 3132 tionem
223 3070 352 3145 aliquam
362 3069 452 3127 luisse
463 3067 494 3124 in
509 3067 614 3125 lacerna
625 3069 759 3142 suspicor
769 3093 777 3136 ς
788 3067 965 3144 praesertim
980 3077 1150 3142 quum'mox
1165 3063 1224 3128 Ti-

99 3175 202 3214 maeus
217 3153 405 3220 nominetur,
425 3164 453 3209 et
469 3149 537 3207 heic
553 3149 694 3225 loqtratur
711 3150 825 3226 Scipio,
849 3149 930 3204 cuius
948 3146 1061 3222 gloriae
1079 3147 1224 3208 intererat

100 3236 277 3298 senteutiam
296 3233 414 3310 Polybii
433 3234 476 3291 sui
495 3230 589 3290 tueri.
604 3230 741 3290 Uniuersi
759 3251 831 3289 uero
847 3227 879 3285 in
894 3229 1001 3286 lacuna
1015 3225 1142 3288 demersi
1157 3249 1225 3290 set·-

101 3323 198 3381 monis
211 3319 322 3377 ‘seriem
338 3318 410 3377 licet
426 3333 601 3396 cognoscere
620 3335 653 3374 es
666 3313 825 3392 Augustini
844 3311 1002 3370 summario
1015 3333 1031 3370 a
1045 3313 1144 3372 uerbis
1160 3335 1223 3393 qua

102 3409 279 3484 qtraestione
294 3413 350 3460 etc.
368 3401 515 3480 usquead
532 3410 586 3458 nsit
602 3404 710 3458 iniusti
730 3405 906 3477 optimates.
931 3397 980 3469 (b)
998 3395 1072 3460 cod.
1085 3403 1222 3460 cininicu-

104 3495 134 3549 si
143 3533 150 3546 .
176 3496 220 3562 (c)
244 3488 289 3546 lta
305 3486 371 3544 coel.
392 3484 502 3545 Recole
521 3483 559 3542 de
576 3501 639 3563 rep.
656 3483 696 3541 ll.
716 3479 744 3541 5.
756 3483 901 3563 passa.
913 3501 938 3538 a.

141 3614 195 3710 (r)
220 3615 299 3682 Non
323 3615 392 3681 sine
421 3639 520 3682 causa
543 3609 638 3680 Afri·
684 3611 795 3702 ipsum
819 3609 855 3677 in
871 3603 995 3678 lacuna
1014 3629 1223 3677 commemo·

105 3729 210 3778 sanus
222 3710 257 3773 in
268 3705 415 3798 politicis
426 3701 638 3797 rebusrlgri⁴
683 3702 909 3771 ratumfuisse
928 3703 1104 3770 existima.
1128 3704 1222 3790 Quin

106 3801 320 3890 gentiuarum
358 3799 486 3865 diutius
524 3817 640 3864 uersa-
685 3795 770 3860 adeo
783 3812 859 3861 ante
870 3795 1047 3882 politicam
1058 3791 1222 3899 Agrigen-

107 3907 187 3970 turs
212 3894 336 3982 quippe
347 3887 529 3956 Africanus
548 3887 640 3980 (mi-
687 3885 1220 3973 tidescriptianem‚species1psa

103 4003 171 4051 nor
188 4009 231 4052 ne
249 4007 293 4050 an
318 3981 431 4070 potius
460 3982 569 4048 maior
587 3987 604 4040 ?
624 3974 638 4068 )
686 3975 781 4041 urbis
795 3973 875 4067 (uti
887 3997 963 4042 mox
972 3977 1219 4067 Syracusarum

107 4071 234 4142 borum
257 4095 365 4162 remp.
390 4076 638 4140 constituerat.
687 4085 721 4134 et
730 4064 1115 4156 Athenarum)laudata
1133 4063 1220 4148 luit,
1328 4093 1331 4100 r

109 4165 210 4234 Certe
228 4165 318 4260 leges
331 4166 498 4255 Scipionis
516 4165 557 4232 de
580 4187 641 4231 ae·
688 4175 728 4226 ut
745 4181 823 4226 rear
840 4205 848 4240 ‚
867 4183 907 4226 ex
928 4155 1076 4249 Polybio
1090 4154 1222 4224 uideli-

101 4261 237 4346 ·quitate
260 4264 299 4326 in
317 4258 503 4346 cooptando
539 4254 642 4348 Agri·
690 4268 743 4320 eet
757 4273 811 4319 lxi
825 4275 881 4342 273
901 4273 1008 4342 Qum
1025 4247 1222 4338 praesertim

110 4350 327 4437 gentinorum
362 4365 479 4418 senatu
512 4345 642 4438 profert
687 4343 757 4432 ipse
768 4342 882 4430 Scipio
891 4343 1222 4410 urbem-exornauit-

109 4439 234 4532 Cicero
270 4446 307 4512 in
324 4441 426 4516 Vera.
445 4441 495 4515 11.
514 4445 569 4518 50·
599 4437 643 4515 Itl
676 4431 1224 4534 ‚taliliiciittysrr·lb2·1l·3s⁹ts
