3276 5660
1101 481 1191 572 effi
1319 483 1325 494 ’

332 553 1027 707 s1aurnanr11‚

393 837 463 902 ue
502 836 880 902 neevsttca
950 847 968 932 j
1083 823 1088 830 ’

513 1024 788 1104 artrone‘

192 1259 248 1308 ex
271 1224 488 1333 Augustino
514 1231 564 1310 cle
582 1237 744 1308 ciuitate
760 1233 843 1310 Dei
857 1233 927 1309 tib.
944 1235 1003 1309 II.
1018 1259 1083 1310 αι.

142 1509 198 1582 In·
215 1512 324 1587 tertio
352 1499 449 1590 libro
468 1537 598 1614 magra
628 1513 906 1598 conflictatione
929 1537 985 1590 res
1010 1501 1092 1590 atta
1114 1527 1194 1590 est.

85 1635 254 1748 Suscepit
269 1635 383 1708 'enim
419 1635 520 1712 Pilus
547 1645 594 1710 (a)
628 1639 708 1740 ipse
743 1636 1032 1740 disputationem
1067 1661 1197 1712 eorum

82 1755 145 1854 qui
170 1757 343 1831 sentirent
374 1757 450 1830 sine
472 1759 650 1834 iniustitia
675 1761 749 1859 regi
769 1783 845 1832 non
875 1781 985 1858 posse
1012 1779 1092 1832 rem
1118 1781 1193 1856 pu·

81 1871 246 1970 blicam3
266 1901 423 1977 purgans
447 1901 485 1951 se
506 1875 550 1948 (b)
567 1878 791 1980 praecipue,
810 1903 855 1952 ne
870 1875 945 1950 hoc
967 1876 1045 1976 ipse
1063 1872 1195 1949 sentire

79 1993 319 2068 credereture
344 1998 487 2097 egitque
518 2004 560 2068 (⁶)
591 1995 719 2073 sedulo
748 2025 819 2101 pro
851 1995 1030 2070 iniustitia
1061 2011 1194 2076 contra

78 2110 289 2211 iustitiam,
317 2131 360 2190 ut
387 2115 483 2192 hanc
513 2144 590 2192 esse
624 2117 753 2194 utilem
784 2115 1062 2220 reipublicae,
1092 2115 1197 2194 illam

81 2257 171 2319 uero
190 2234 386 2335 inutilem,
414 2241 492 2314 ueri
515 2240 698 2316 similibus
725 2237 930 2314 rationibus
952 2252 990 2313 et
1014 2231 1198 2336 exemplis

81 2349 402 2433 uelut'coneretur
419 2351 632 2434 ostendere.
661 2361 760 2434 Tum
784 2353 955 2454 Laelius,
983 2355 1197 2460 rogantibus

79 2475 286 2574 omnihus,
314 2465 494 2558 iustitiam
524 2481 717 2558 defendere
740 2481 929 2581 adgressus
951 2493 1036 2574 est,
1067 2480 1198 2556 adser-

81 2593 400 2697 uitque'quantum
420 2600 678 2704 potuit‚·nilril
699 2615 776 2676 tam
795 2597 990 2692 inimicum
1009 2623 1123 2705 quum
1139 2599 1199 2676 ln-

81 2712 263 2790 iustitiam
280 2721 443 2818 ciuitati,
472 2745 541 2796 nec
562 2722 716 2796 omnino
730 2719 801 2796 nisi
819 2745 951 2821 magna
970 2718 1111 2795 iustitia
1123 2717 1199 2817 geri

83 2851 146 2911 aut
160 2853 255 2914 stare
270 2867 381 2944 posse
400 2869 477 2917 rem
495 2843 714 2946 publicam.
750 2843 832 2934 Qua
847 2842 1059 2944 quaestione
1075 2863 1197 2944 quau-

84 2959 268 3062 tum-satis
283 2961 410 3034 uisum
432 2977 489 3036 est
510 2973 761 3062 pertractata,
790 2962 918 3062 Scipio
941 2959 990 3037 sd
1013 2959 1201 3036 intermis-

83 3101 123 3151 sa
141 3079 355 3174 reuertitur3
385 3078 588 3181 recolitque
610 3103 715 3154 suum
734 3094 842 3180 atquc
863 3073 1201 3154 communiente«

95 3291 100 3300 .
123 3243 174 3312 (a)
207 3233 344 3296 Postulat
359 3235 410 3299 bic
428 3238 510 3302 locus
526 3251 561 3300 ut
585 3236 750 3318 scripturae
776 3255 908 3299 errorem
928 3235 962 3294 iu
979 3233 1113 3296 maurina
1129 3235 1197 3316 ‚lu-

77 3319 192 3398 gussini
216 3317 344 3378 editione
367 3323 466 3384 adimo
490 3321 663 3382 haerentem
690 3321 877 3400 castigemus.
911 3321 987 3379 Nem
1010 3331 1113 3380 eontra
1141 3317 1199 3379 lit·

82 3416 159 3464 teras
185 3403 323 3464 Petiliani
349 3401 401 3464 lib.
422 3405 542 3480 lll.,a5.
562 3403 605 3465 sic
622 3403 746 3482 legitur:
773 3405 850 3481 qnid
868 3405 1014 3483 hicsaeit
1042 3405 1136 3464 Pilns
1166 3413 1197 3462 et

76 3479 196 3548 ‘flletus
214 3491 269 3568 quei
283 3497 388 3550 contra
405 3493 551 3550 iustitiam
567 3493 746 3550 interstitium
762 3487 979 3566 defenderunt!
999 3487 1192 3563 Rursusque:

84 3579 111 3632 si
128 3573 190 3634 duo
218 3575 268 3630 nei
294 3579 355 3632 tria
380 3577 471 3634 tomba
487 3581 548 3632 ista
566 3573 640 3650 quid
658 3571 681 3630 si
709 3584 738 3631 et
763 3569 888 3631 fortasse
905 3591 1000 3650 nsque
1019 3571 1095 3630 adeo
1122 3565 1195 3631 steni

84 3655 308 3726 intolerabilia,
334 3667 368 3714 nt
380 3671 504 3736 propter·
520 3661 607 3716 illam
624 3663 827 3716 excitarentur
842 3661 915 3716 olim
931 3656 1113 3715 dormientes
1124 3673 1192 3716 aco*

85 3743 189 3801 deunce·
207 3749 236 3799 et
262 3743 432 3801 comedes
457 3751 486 3800 et
510 3745 601 3800 Ptine
624 3751 653 3798 et
678 3741 813 3799 sterius?
830 3740 923 3800 Nemo
940 3738 1001 3798 iam
1021 3737 1176 3804 dubitabit
1184 3781 1196 3810 ,

85 3824 153 3897 quin
170 3823 204 3882 hi
226 3821 282 3880 loci
313 3824 448 3902 corrupti
473 3821 602 3892 luerint,
628 3834 716 3900 etque
737 3841 772 3880 es
796 3841 855 3880 uno
876 3822 998 3882 homine
1016 3821 1089 3880 lacti
1114 3824 1197 3893 duo,

84 3910 200 3968 fierine*
214 3919 244 3968 et
262 3911 372 3977 Pilus,
391 3909 519 3982 itemque
527 3907 724 3985 dty'mderuni
739 3923 797 3981 pro
810 3904 962 3983 deseendit.
987 3903 1024 3962 ld
1042 3917 1141 3962 autem
1152 3903 1195 3960 si-

83 4005 121 4048 ae
151 3991 244 4050 dubio
274 3991 423 4058 mendum
439 3989 734 4060 librariorumlaite
751 4006 887 4066 ,namque
910 3983 983 4044 alibi
1010 3983 1195 4061 Augustinus

86 4090 174 4132 unum
190 4073 341 4132 hominem
358 4095 420 4134 esse
446 4074 577 4151 agnoscit
598 4077 724 4130 sterium
749 4074 871 4130 Pilum.
890 4071 929 4132 Et
957 4065 1079 4144 quidem
1102 4089 1196 4148 prae·

88 4149 165 4216 (licto
191 4156 258 4216 loco
281 4156 343 4233 ipse
364 4157 546 4236 Augustinus
573 4168 715 4214 mernorat
738 4153 887 4232 exemplar
907 4149 1060 4210 cuiusdam
1086 4151 1196 4231 scripti

88 4241 227 4299 mendose
243 4241 404 4318 scriptum.
430 4245 510 4318 Ergo
527 4241 655 4299 Maurini
678 4237 808 4298 editores
827 4232 1063 4296 emendationem
1080 4235 1198 4316 recipe-

90 4343 121 4378 re
147 4325 178 4400 in
203 4336 313 4382 textum
338 4324 531 4394 debuissent,
557 4321 696 4400 quentin
724 4321 801 4380 uotis
825 4320 953 4380 inuuunt
978 4330 1097 4378 auctore
1118 4320 1197 4379 bono
1220 4330 1228 4358 ⁸

89 4405 211 4462 Viuesio
234 4409 279 4481 (b)
298 4417 338 4468 Se
354 4407 437 4468 abest
453 4431 470 4470 a
487 4407 603 4474 (luobus
619 4405 749 4490 antiquis
758 4403 911 4470 umcodd.
934 4409 977 4482 (c)
992 4401 1096 4470 Codex
1104 4403 1196 4486 wllq·

91 4499 151 4548 unt.
168 4489 245 4552 male
257 4501 411 4582 petitque.¹
