3262 5662
489 511 795 578 t··1nrnrr.
1103 452 1183 604 spi

75 632 254 756 quinios
279 651 326 726 (a)
351 631 580 724 offensione
609 633 797 720 nominis
822 652 870 725 (ι)
895 693 908 714 ·
939 623 1191 750 Eademque

72 801 226 870 mente
243 779 305 868 ·P·
322 777 519 870 Ualerius
536 799 578 866 ct
594 767 724 866 fasces
740 777 906 894 primus
924 773 1088 863 demitti
1104 751 1191 860 ius-‘-

72 927 266 1032 sit‚oum
282 921 422 1014 dicere
438 927 483 1012 in
500 925 699 1014 contione
717 925 944 1040 coepisset,
965 941 1005 1008 et
1021 917 1134 1006 aedis
1144 937 1191 1012 (b)

71 1097 171 1156 suas
199 1065 353 1160 detulit
369 1065 450 1156 sub
467 1067 667 1172 Ueliam,
698 1089 842 1183 postea
857 1096 985 1185 quam
1009 1060 1130 1186 quod
1148 1067 1193 1150 in

69 1210 308 1300 excelsiore
331 1207 430 1296 loco
448 1205 596 1296 Ueliae
627 1211 832 1322 coepisset
862 1201 1108 1314 aedificare,
1140 1234 1192 1292 eo

67 1351 173 1468 ipso
192 1348 271 1438 ubi
288 1349 536 1465 rexlTullus
549 1348 809 1438 habitauerat
827 1375 897 1459 (α),
911 1349 1193 1468 suspicionem
1226 1369 1258 1430 Ρ.
1276 1367 1329 1429 36.
1458 1325 1463 1336 ¹

67 1495 231 1612 populi
247 1497 374 1582 sensit
387 1497 554 1582 moueri
572 1514 619 1590 (3)
638 1561 649 1582 .
673 1493 912 1616 Idemque,
936 1497 980 1584 iu
1005 1525 1093 1615 quo
1110 1493 1191 1582 suit

70 1634 306 1726 Publicola
332 1659 374 1733 (c)
399 1641 614 1744 maxime,
638 1636 775 1756 legem
799 1637 854 1724 ad
878 1636 1087 1754 populum
1118 1655 1195 1721 tu·-

68 1777 123 1868 lit
148 1811 248 1869 eam
264 1815 372 1904 quae
397 1786 634 1872 ceonrriatis
651 1784 835 1870 comitiis
851 1783 988 1898 prima
1006 1781 1087 1868 lata
1104 1799 1194 1886 est,

68 1927 232 2044 nequis
264 1930 527 2047 magistratus
559 1931 699 2014 ciuem
731 1957 957 2014 romanum
991 1923 1192 2010 aduersus
1252 1975 1255 1986 ·

69 2070 429 2186 prouocationem
446 2091 615 2156 necaret
630 2101 738 2156 neue
754 2068 1016 2156 uerberaret.
1034 2075 1063 2124 ‘⁶
1080 2067 1195 2155 Pro-

68 2267 100 2324 „
134 2213 411 2300 uocationem
436 2234 578 2300 autem
595 2216 722 2299 etiam
739 2243 762 2297 a
781 2210 952 2330 regibus
970 2191 1096 2296 fuisse
1113 2203 1196 2294 de-

71 2409 103 2462 „
135 2353 304 2444 clarant
325 2350 517 2472 pontifici
543 2373 593 2448 (d)
619 2353 772 2463 libri„
797 2348 1031 2472 significant
1062 2349 1196 2438 nostri

1351 1741 1360 1774 Ι
1418 1727 1420 1732 .

114 2507 167 2572 (ιι)
189 2503 312 2578 ltaque,
322 2503 405 2580 quod
420 2503 534 2564 iamdiu
549 2503 645 2564 critici
663 2505 828 2566 docuerunt
837 2548 847 2578 ,
858 2505 941 2584 apud
958 2502 1075 2564 Liuium
1087 2503 1141 2562 111.
1156 2521 1195 2583 ²7

72 2582 319 2662 Dionysiamque
334 2607 363 2642 x.
376 2591 415 2656 nl
440 2595 617 2668 Tarquitius
629 2609 695 2648 oum
713 2589 824 2648 tabulis
836 2587 1005 2670 capitolinis
1022 2585 1198 2648 scribendus

71 2679 210 2736 osunen
230 2671 436 2749 Tarqrtinius,
454 2671 503 2728 uir
516 2672 569 2730 ille
586 2691 673 2750 quern
682 2671 875 2732 Cincinnatus
884 2673 1012 2732 dictator
1021 2670 1197 2748 magistrum

72 2749 214 2830 equitum
240 2749 336 2810 dixit.
359 2754 474 2812 Nomen
498 2756 611 2835 quippe
628 2755 858 2834 Tarquiniorum
875 2757 968 2816 multo
986 2767 1054 2815 ante
1071 2773 1106 2812 or
1123 2753 1199 2813 urbs

72 2834 216 2896 funditus
234 2833 361 2898 eiectum
378 2849 510 2896 constat.
535 2842 580 2914 (b)
604 2841 649 2896 lta
667 2841 918 2910 ood.2.manu;at
938 2863 962 2897 r.
979 2840 1065 2900 edes.
1089 2842 1130 2910 (e)
1153 2837 1199 2894 lta

75 2918 190 2990 codex,
211 2931 241 2978 et
257 2919 300 2977 ita
315 2919 449 2980 locutum
466 2939 529 2980 esse
543 2921 679 2982 Tullium
696 2923 1004 2982 arbitror.Scrilsitur
1023 2935 1121 2979 tantan
1137 2917 1197 2979 boc
1267 2919 1269 2928 ’
1317 2983 1321 3000 ,

73 3018 188 3061 nomen
214 3001 305 3060 etiam
324 3009 508 3080 Poplicola,
531 3003 694 3062 cuiusmodi
712 3005 804 3066 luisse
820 3005 1098 3084 pronunciationem
1120 3023 1196 3062 aeuo
1273 3029 1275 3034 ·
1323 3003 1325 3008 '

72 3084 198 3148 »Valerii
224 3083 298 3142 milri
316 3085 484 3162 persuadeo
502 3105 511 3138 τ
532 3105 659 3160 namque
684 3087 717 3142 in
739 3087 936 3146 monumentis
948 3095 1101 3166 poplicum
1118 3086 1199 3158 legi·

75 3183 144 3227 mus
160 3185 222 3247 pro
235 3167 413 3242 poblicum
431 3166 560 3244 itemquo
574 3169 661 3244 popli
671 3208 681 3238 ,
691 3173 803 3244 poplo,
825 3167 872 3240 (d)
896 3171 943 3226 lta
954 3169 1019 3227 cod.
1031 3187 1087 3248 pro
1097 3172 1199 3246 pontin

64 3251 142 3320 ficii
153 3292 162 3308 .
192 3249 306 3309 Locum
327 3259 425 3306 aulem
441 3243 524 3308 hunc
541 3249 663 3328 tegebar
678 3253 789 3311 Seneca
806 3269 960 3330 epotus.
1110 3261 1113 3266 ‘

8 3505 9 3512 a
77 3372 323 3541 illlis
345 3401 619 3566 „zsttsst
662 3373 1198 3556 taatrennu

80 3564 163 3633 11.1
196 3569 292 3634 ‚111.
322 3567 373 3637 16.
684 3567 740 3648 io,
763 3588 940 3658 perquam
956 3568 1013 3635 uin
1033 3586 1127 3634 sacro
1153 3563 1199 3634 ad

125 3590 193 3820 (35
208 3654 309 3728 Tulli
327 3653 463 3727 Hostilii
474 3657 616 3728 domum
660 3589 775 3726 iorum
792 3659 987 3742 descendit,
1013 3659 1198 3750 ubipostes

81 3745 117 3814 in
179 3747 248 3819 elia
271 3749 395 3832 lirisse,
420 3749 614 3842 ibidemque
661 3749 829 3840 templum
860 3755 956 3820 Pacis
982 3751 1198 3821 aedificatum

81 3857 196 3927 postea
216 3841 419 3912 habitaoisse
438 3840 616 3912 Valerium
660 3858 735 3908 est:
753 3843 897 3936 ideoque
915 3845 1013 3912 facile
1031 3841 1198 3933 intelligi·
1248 3883 1262 3892 -

80 3953 225 4002 concors
253 3953 432 4002 auctorum
454 3936 616 4002 sententia
662 3951 721 4000 sur
731 3937 903 4023 quomodo
915 3931 1199 4005 SeruiusVeliam

82 4040 152 4092 est.
173 4027 246 4098 Sed
258 4051 321 4096 cur
331 4026 471 4096 Seruius
484 4045 615 4094 aentv.
662 4023 822 4117 Esquiliis
853 4029 1036 4119 adiungere
1070 4043 1196 4118 potue-

81 4113 149 4199 4ιο
177 4119 358 4191 Valerium
393 4120 429 4184 in
457 4116 616 4209 Esquiliis
662 4120 740 4200 rit,
775 4143 795 4185 a
827 4141 896 4210 quo
919 4135 1032 4187 monte
1055 4121 1113 4187 uix
1135 4141 1196 4186 re-

82 4205 224 4280 domum
249 4209 346 4278 illam
370 4208 526 4277 babuisse
562 4211 617 4280 di·
663 4213 718 4305 gio
730 4213 902 4302 praedicta
919 4211 1195 4317 discriminatur,

83 4300 133 4364 oit
143 4305 340 4374 altissimam
352 4349 363 4386 ‚
376 4325 484 4394 quum
503 4318 615 4370 tamen
659 4307 765 4372 immo
786 4307 900 4396 potius
923 4325 1065 4376 cum'eo
1084 4319 1195 4372 conu-

85 4386 184 4458 Velia
196 4420 359 4465 cacumen
370 4396 544 4486 quoddam
555 4397 616 4461 Pa·
660 4413 809 4466 nuatur.
1185 4431 1188 4438 ·

85 4476 161 4560 luit
182 4486 319 4596 luerit}
341 4489 514 4570 Nimirum
536 4489 617 4586 quia
707 4483 764 4584 (3)
788 4483 950 4594 Scilicet,
967 4505 1007 4564 ut
1029 4491 1077 4564 eit
1092 4509 1193 4586 pree·
