3262 5662
496 505 716 586 irrue
749 520 799 584 ιι.
1108 490 1193 604 ι89

100 602 343 732 reudam'ui
354 667 481 758 quam
499 641 718 724 minimam
734 633 875 754 posuit
892 653 964 739 (1);
983 641 1072 718 nou
1088 661 1197 750 qrrae

96 785 228 894 possit
258 811 374 890 esse,
407 780 483 870 sed
513 783 559 866 iu
590 811 674 898 qua
705 781 817 866 ratio
839 807 981 862 rerum
1005 774 1198 862 ciuilium

51 919 53 923 ’
96 927 275 1037 perspici
299 947 469 1041 posset,
500 925 633 1062 effecit
657 946 738 1015 (α).
770 920 865 1038 Ego
883 939 1023 1004 autem
1047 917 1081 1002 si
1108 945 1195 1034 quo

93 1059 224 1148 modo
249 1064 454 1181 consequi
486 1059 666 1177 'potuero
698 1121 712 1168 ‚
759 1059 992 1146 rationibus
1033 1054 1196 1144 eisdem

94 1235 198 1321 quas
231 1207 306 1290 ille
335 1205 473 1312 uidit,
507 1211 594 1290 no'n
619 1209 664 1290 in
688 1203 839 1289 umbre
872 1225 914 1287 et
936 1204 1114 1319 imagine
1140 1201 1200 1287 ci·

90 1345 266 1452 uitatis,
298 1345 374 1430 sed
405 1348 448 1432 in
481 1346 732 1460 amplissime
760 1341 996 1458 republica
1028 1344 1201 1448 enitar,

90 1504 138 1570 ut
178 1483 382 1608 cuiusque
424 1510 465 1574 et
494 1486 602 1572 boui
632 1483 793 1600 publici
825 1507 866 1568 et
897 1482 999 1569 mali
1033 1513 1202 1572 causam

91 1641 308 1744 tamquam
326 1627 490 1746 uirgula
505 1623 654 1712 uidear
671 1620 1070 1741 attingereffliisu)
1088 1624 1201 1708 enim
1231 1640 1266 1703 P.
1289 1639 1355 1701 188·

90 1774 214 1888 regiis
239 1772 514 1890 quadraginta
537 1772 658 1856 aunis
676 1789 717 1856 et
741 1767 930 1856 ducentis
947 1767 1076 1884 paulo
1102 1797 1202 1854 cum

92 1913 339 2032 interregnis
364 1913 452 1999 fere
476 1909 655 2025 amplius
679 1909 916 2024 praeteritis
943 1926 1023 2012 (3),
1049 1905 1203 2022 expul-

91 2079 230 2171 soque
247 2054 482 2171 Tarquinio
500 2112 514 2158 ,
543 2071 710 2137 rantum
728 2050 878 2137 odium
895 2051 1105 2168 populum
1123 2079 1204 2136 ro·-

90 2223 266 2281 manum
297 2197 449 2314 regalis
480 2197 664 2280 nominis
694 2198 865 2303 tenuit,
897 2217 1103 2316 quantum
1134 2213 1205 2277 te·

92 2363 242 2428 uuerat
264 2364 361 2456 post
385 2341 582 2452 obitum,
617 2342 687 2430 uel
710 2347 852 2458 potius
878 2371 1090 2429 excessum
1108 2338 1205 2424 Ro-

92 2485 233 2589 muli,
258 2483 512 2572 desiderium
533 2550 544 2570 .
575 2487 719 2602 Itaque
738 2505 786 2570 ut
802 2505 894 2618 tum
911 2475 1052 2570 carere
1070 2507 1202 2596 rege,

113 2667 177 2734 v(a)
202 2660 276 2718 Cod.
287 2665 481 2738 spernendam
498 2662 652 2722 manifesto
670 2661 778 2720 mendo
789 2681 847 2739 pro
859 2660 1053 2740 sperandam.
1083 2657 1129 2730 (b)
1153 2659 1201 2716 lu

88 2743 154 2802 cod.
166 2746 280 2823 proluis
291 2744 341 2804 uel
356 2751 418 2818 ries
436 2746 601 2808 cuiusmodi
611 2746 670 2806 elie
682 2745 816 2824 exempla
827 2746 859 2806 iu
870 2745 999 2822 antiquis
1018 2740 1107 2803 codd.
1115 2751 1204 2800 sunt.

89 2910 130 2978 ad
149 2909 228 2980 sam.
250 2935 322 2984 xn.
347 2940 376 2981 ιε
395 2915 513 2984 odium
530 2914 620 2983 illud
667 2917 810 2983 deutur.
831 2911 936 3002 Apud
956 2911 1101 2982 eundem
1121 2907 1205 2978 Ari·
1287 2901 1295 2906 ’

89 3002 239 3072 Iromim's
256 3011 382 3096 impuri
398 3024 434 3074 et
450 3011 621 3074 seruitutis
668 3003 822 3072 stotclem
845 3008 930 3091 reip.
951 3007 998 3072 11.
1019 3007 1039 3072 8
1065 3003 1206 3091 Hippo-

89 3095 194 3164 dolor
210 3095 373 3183 depulsus
390 3113 462 3164 est.
668 3098 794 3162 demus.
828 3094 988 3182 politicus
1029 3095 1205 3158 ciuitatem

121 3183 621 3276 (1)Pletolegumlibroquiu-
667 3184 792 3250 habere
823 3183 919 3248 iubet
938 3184 1057 3251 decem
1086 3179 1203 3249 humi·

90 3291 124 3343 to
143 3299 179 3365 p.
195 3277 237 3366 73
267 3277 460 3358 ,ciuitatem
478 3303 496 3346 e
514 3279 622 3366 quin·
668 3295 751 3342 uum
770 3271 903 3342 millia.
1235 3299 1242 3308 ·

91 3391 157 3458 que
194 3301 346 3434 miilibus
365 3368 565 3436 colonorum
588 3385 623 3434 et
715 3363 769 3458 (α)
794 3368 868 3456 ipse
892 3363 991 3434 Plato
1014 3363 1082 3458 leg.
1103 3387 1142 3434 v.
1166 3385 1203 3454 p.

91 3477 262 3549 practerea
296 3460 518 3553 quadraginta
542 3483 625 3528 con·
673 3461 763 3552 736,
794 3474 829 3526 et
860 3458 927 3551 739
957 3460 1130 3527 ciuitatem
1165 3477 1202 3524 se

92 3554 202 3618 stituit
224 3550 388 3644 (propter
400 3554 570 3643 quendam
588 3576 626 3618 e·
672 3550 786 3619 uerbis
804 3551 918 3640 potius
949 3569 983 3620 et
1005 3531 1203 3642 pheirtasin

92 3643 142 3710 ius
155 3646 292 3711 numeri
309 3645 475 3712 rationem
493 3671 527 3735 p.
544 3646 623 3738 746.
672 3667 776 3734 quam
787 3667 824 3710 re
836 3639 895 3709 uel
906 3667 976 3734 spe,
989 3644 1134 3712 condere
1146 3641 1204 3712 fa-

94 3733 202 3826 77¹³)
225 3737 432 3826 easdemque
454 3739 627 3806 ciuitatem
672 3752 784 3803 tetur.
879 3803 881 3808 .

92 3827 626 4008 {iffi}123502¹¹i21¹2u⁷iui⁶i
671 3824 1206 4011 uiisiiiiiii'i'i‘iiiii!

93 4013 625 4084 uicorumuociuitetcmeitne-
668 4027 704 4078 et
729 4031 767 4078 v.
791 4031 801 4072 ι
821 4033 832 4082 3
854 4009 973 4076 Liuius
997 4011 1025 4076 Ι.
1045 4010 1104 4090 6ος
1128 4011 1205 4078 Eu·-

95 4127 158 4194 que
170 4131 211 4174 ex
230 4108 348 4174 desem
358 4103 625 4172 hominibusne·
670 4103 781 4170 sebius
800 4099 918 4168 chron.
936 4103 966 4184 ¹I.
988 4100 1043 4185 46:
1063 4097 1120 4168 uel
1133 4121 1209 4168 uuo·

95 4220 159 4287 que
172 4224 214 4266 ex
222 4215 359 4266 centum
368 4195 520 4264 millibus
528 4215 622 4286 posse
669 4197 805 4273 minus,
824 4193 876 4258 uti
904 4194 1059 4260 scribunt
1077 4191 1202 4283 Augu-

97 4292 637 4380 constare.1nrep.autemv11.,
671 4290 777 4356 stinus
813 4287 853 4355 C.
875 4287 917 4358 D.
937 4282 1205 4382 III..15;Or0·

98 4377 185 4465 risis
203 4383 358 4464 disserit,
384 4399 423 4450 ut
440 4381 532 4449 haud
557 4403 630 4446 me-
675 4381 743 4450 eius
760 4378 805 4448 II.
827 4373 861 4461 4.

98 4493 201 4571 gnum
219 4474 392 4548 ciuitatem
408 4473 551 4556 condere
570 4472 629 4548 uis
706 4501 711 4516 ·
762 4543 773 4552 ,,
790 4538 803 4550 .,
867 4529 879 4550 ,.
961 4485 963 4490 ’
997 4483 1001 4492 ’
