3314 5658
408 535 472 595 ΧΠ
789 555 806 604 a

401 665 471 715 stes
498 642 646 738 exempla
665 647 793 718 Fronto
819 661 952 717 secutus
979 661 1029 715 est
1047 637 1100 740 (1)
1115 697 1123 714 .
1137 632 1297 737 Denique
1316 653 1433 714 tantus
1454 636 1533 710 fuit

402 754 439 820 in
458 755 603 846 politicis
620 755 723 824 libris
735 757 918 822 scribendis
937 752 991 830 rel
1010 752 1108 820 labor
1120 752 1293 822 Ciceronis
1306 749 1360 818 vel
1379 767 1534 818 aestua-

403 862 475 944 tio,
499 880 538 930 ut
556 864 694 952 ipsemet
712 864 753 928 de
772 863 861 928 exitu
881 860 1085 926 dubitaverit
1104 855 1158 950 (a)
1179 903 1190 938 ,
1215 857 1457 946 scripseritque
1485 853 1537 920 sd

401 965 539 1034 fratrem
559 966 612 1062 (3)
631 992 684 1048 se,
708 967 772 1032 nisi
792 989 876 1055 opus
898 989 916 1031 e
940 964 1103 1032 sententia
1122 963 1345 1044 succederet,
1365 962 1537 1029 deiectu·
1646 1044 1650 1059 1

400 1097 479 1140 rum
498 1053 587 1142 illio
606 1075 642 1140 iu
660 1095 752 1139 marc
778 1071 870 1160 quod
894 1069 1041 1138 scribens
1059 1068 1257 1157 spectabat.
1644 1072 1652 1506 1

184 1230 289 1280 ustum
305 1245 370 1298 opu·
447 1183 529 1248 1111.
556 1181 729 1249 Ciceronis
754 1180 796 1246 de
814 1201 887 1268 rep.
907 1201 989 1268 opus
1016 1175 1148 1244 homini
1165 1171 1300 1266 aequali
1319 1175 1535 1265 inscriptum

184 1315 215 1364 de
226 1323 370 1392 ..Wec-
399 1283 524 1370 fuisse,
543 1303 633 1376 patet
651 1289 774 1354 invicte
788 1311 806 1352 e
818 1287 980 1352 vaticanis
992 1281 1145 1373 reliquiis
1158 1281 1211 1376 (4)
1227 1311 1236 1346 :
1255 1283 1448 1376 disputatio
1464 1307 1532 1350 rc-

189 1391 369 1474 caesim?
395 1391 551 1488 petenda
569 1399 737 1464 memoria
754 1409 925 1484 est‚qnae
944 1391 1031 1458 milri
1048 1392 1175 1482 tibique
1189 1391 1363 1484 qnondam
1376 1393 1534 1463 aduler-

404 1503 538 1570 cet'ttnlo
557 1520 610 1570 est
626 1529 650 1570 α
672 1502 727 1568 ·P·
748 1501 879 1570 Rutilio
900 1499 994 1586 Iltffo
1014 1500 1192 1590 Zmyrnae
1210 1525 1286 1569 cum
1308 1501 1409 1570 simul
1426 1525 1534 1570 csse-

403 1632 477 1676 mus
493 1608 676 1700 compluris
692 1605 770 1674 dies
787 1613 969 1701 exposita.
990 1605 1078 1674 Ante
1098 1629 1182 1696 opus
1202 1607 1244 1673 de
1262 1631 1334 1697 rep.
1355 1609 1534 1704 scriptum

404 1713 508 1784 semel
530 1727 679 1779 versatus
698 1729 748 1778 est
766 1713 800 1780 in
818 1711 898 1782 Asia
918 1715 1038 1782 Cicero
1057 1737 1145 1780 anno
1172 1714 1287 1782 aetatis
1308 1737 1420 1799 1111111,
1443 1741 1533 1784 cum
1645 1628 1651 1835 (

403 1813 459 1888 eas
477 1819 666 1909 provincias
696 1833 730 1884 et
757 1814 961 1886 valetudinis
989 1815 1236 1887 confirmandae
1260 1837 1294 1888 et
1322 1823 1535 1890 eruditionis

407 1953 505 1998 causa
527 1929 715 2021 peragravit
729 1925 781 2020 (5)
794 1953 806 2005 ς
830 1927 914 2017 quin
927 1943 960 1994 et
980 1924 1148 1994 Rutilium
1159 1928 1324 2021 Smyrnae
1337 1955 1355 1994 a
1370 1955 1403 1996 se
1423 1930 1535 1996 audi-

407 2053 482 2103 tum
498 2035 695 2126 loquentem
706 2033 882 2100 confirmat
901 2035 991 2100 idem
1003 2035 1124 2103 Cicero
1139 2032 1214 2129 (6).
1239 2035 1311 2130 Age
1330 2058 1409 2103 vero
1428 2037 1535 2128 quis·
1554 2127 1559 2138 ¹

407 2165 485 2210 nam
515 2138 787 2208 adulescentulus
818 2139 990 2210 Ciceronis
1016 2139 1070 2206 vel
1097 2165 1207 2208 comes
1232 2143 1269 2210 in
1292 2141 1353 2210 illo
1371 2145 1533 2226 itinere,

406 2249 461 2318 vel
480 2267 570 2318 certe
588 2247 689 2316 simul
708 2249 874 2341 Smyrnae
893 2265 1041 2314 versatus
1058 2247 1226 2340 fingitur'?
1245 2235 1378 2319 Atticus
1396 2255 1431 2318 in
1450 2256 1533 2344 pri·

377 2409 379 2414 .
408 2359 471 2426 mis
491 2360 596 2428 menti
614 2357 763 2424 occurrit
782 2358 842 2446 qui
861 2357 1062 2425 Ciceronem
1079 2357 1164 2424 vidit
1182 2379 1221 2426 eo
1240 2375 1391 2450 tempore
1410 2359 1531 2428 Athe-

408 2473 461 2539 nis
476 2467 529 2564 (7)
542 2513 553 2553 ‚
567 2491 734 2562 quemque
753 2465 850 2535 facile
870 2468 1073 2536 crediderim
1091 2468 1247 2536 comitem
1265 2493 1298 2536 se
1313 2471 1472 2542 Ciceroni
1492 2475 1533 2542 in

308 2663 311 2670 Ι
410 2573 525 2646 Asiam
555 2576 650 2656 eunti
679 2573 890 2656 adiunxisse,
912 2575 1109 2666 praesertim
1134 2597 1215 2642 cum
1242 2572 1376 2646 Atticus
1401 2580 1444 2646 ad
1469 2601 1531 2646 eas

412 2684 647 2750 transmarinas
668 2669 826 2773 ¹regiones
851 2681 1035 2765 identidem
1058 2705 1092 2748 se
1117 2681 1283 2750 conferret
1312 2687 1532 2778 negotiorum

372 2833 374 2838 -
411 2807 445 2856 et
463 2790 640 2858 nominum
659 2813 758 2856 causa
779 2811 865 2877 quac
897 2788 1023 2854 ibidem
1045 2786 1191 2854 habebat
1210 2787 1285 2882 (8).
1306 2793 1387 2858 Erat
1410 2811 1533 2884 autem

411 2897 544 2970 Atticus
557 2879 690 2970 duob'us
708 2917 840 3001 tantum
858 2901 951 2968 annis
970 2901 1078 2967 maior
1095 2917 1177 2966 natu
1191 2923 1292 2990 quam
1306 2904 1445 2972 Cicero:
1460 2903 1532 2973 At-

413 3009 500 3076 ticus
518 3011 608 3078 enim
625 3032 714 3078 anno
733 3012 848 3078 aetatis
872 3009 1115 3102 septuagesimo
1145 3011 1285 3098 septimo
1305 3028 1458 3082 mortuus
1477 3029 1533 3079 est

413 3117 563 3190 Domitio
575 3135 608 3186 et
625 3119 719 3188 Sosio
738 3115 933 3196 consulibus
952 3115 1005 3210 (9)
1019 3141 1107 3186 anno
1126 3117 1409 3196 urbisnccxx11;
1429 3118 1534 3187 Cice-

412 3247 452 3292 ro
471 3249 597 3292 annum
615 3249 715 3313 agens
727 3244 844 3290 nxrur
865 3227 995 3288 occisus
1013 3243 1063 3288 eat
1081 3249 1169 3290 anno
1188 3225 1282 3294 urbis
1294 3245 1427 3302 neom
1447 3245 1534 3316 ergo

412 3335 442 3400 is
461 3353 567 3396 annus
587 3345 659 3394 erat
676 3325 783 3394 Attici
801 3329 1019 3418 sexagesimus
1038 3342 1170 3392 sertus.
1195 3327 1285 3419 Ergo
1309 3353 1388 3394 cum
1407 3331 1535 3396 Cicero

413 3437 572 3506 audiebat
587 3435 751 3528 Smyrnae
771 3431 958 3513 Rutilium,
978 3429 1112 3498 Atticus
1130 3455 1259 3497 annum
1277 3433 1395 3526 agebat
1415 3455 1534 3504 xxxt.

408 3547 521 3639 ,Atqui
537 3546 602 3612 hac
622 3561 726 3612 aetate
739 3545 807 3612 dici
826 3557 957 3633 poterat
974 3537 1106 3608 Atticus
1119 3540 1418 3636 adulescentulus>
1432 3571 1534 3613 nam·

414 3681 483 3750 que
512 3645 742 3727 adulescentes
771 3653 878 3722 dictos
907 3650 1009 3718 fuisse
1040 3651 1212 3718 interdum
1231 3651 1290 3742 qui
1309 3649 1362 3718 vel
1381 3655 1532 3742 quadra-

412 3767 510 3860 ginta
527 3787 630 3832 annos
643 3763 713 3830 nati
732 3776 861 3840 esseut,
875 3759 953 3826 satis
972 3753 1182 3850 exploratum
1193 3776 1241 3826 est
1256 3755 1287 3842 (ι
1299 3755 1333 3852 ο)
1349 3809 1356 3826 .
1372 3760 1461 3853 Ergo
1476 3763 1532 3828 ni-

417 3875 470 3950 hil
490 3875 599 3944 obstat
616 3872 796 3965 quantinus
823 3869 945 3942 Cicero
965 3869 1001 3940 in
1024 3869 1198 3961 praedicto
1230 3871 1374 3938 vaticani
1401 3873 1531 3942 codicis

457 4011 507 4080 (1)
531 3999 734 4079 Principbist.
1035 3999 1083 4076 (Β)
1107 4001 1530 4084 AdArt.1v.15.17.18.V.13.
1651 3989 1652 4084 l

313 4148 316 4157 ,
417 4143 419 4148 ,
459 4097 506 4164 (2)
529 4086 764 4148 AdAlt.tv.16.
1038 4092 1087 4160 (9)
1109 4087 1497 4162 Neposvit.Att.xxr.xxrr.
1651 4085 1652 4140 i

412 4225 423 4238 ,
459 4173 509 4246 (3)
530 4171 689 4240 Lib.ll.1d.
1039 4177 1111 4243 (to)
1133 4170 1531 4233 Forcell.voc.adolescens.

462 4258 510 4330 (4)
535 4255 578 4313 De
596 4273 657 4331 rep.
667 4255 691 4312 l.
705 4251 733 4310 8.
997 4251 1184 4331 Popularlter
1201 4270 1298 4314 autent
1315 4255 1449 4332 loquitur
1471 4258 1534 4314 Au.
1651 4223 1652 4268 l

463 4334 510 4411 (5)
533 4335 678 4395 Brutxcr.
997 4335 1131 4411 guttinus
1148 4339 1182 4394 C.
1191 4341 1225 4396 D.
1236 4359 1313 4398 xxn.
1329 4337 1364 4396 15
1374 4379 1383 4405 ,
1404 4357 1469 4394 cum
1489 4339 1533 4397 ait

464 4421 513 4494 (6)
536 4419 702 4478 Brutaxrr.
997 4419 1178 4480 iuventutem
1201 4443 1235 4478 ex
1260 4421 1403 4478 sententia
1424 4421 1534 4480 docto-

462 4511 511 4589 (7)
533 4503 595 4566 Cic.
616 4501 653 4560 dc
670 4501 721 4564 fin.
732 4501 773 4634 Y}
784 4523 809 4566 1.
956 4531 967 4540 ·
996 4521 1062 4572 rum
1073 4501 1152 4566 circa
1161 4504 1283 4584 triginta
1293 4523 1384 4566 annos
1396 4503 1533 4568 definiri.

526 4611 555 4659 N
772 4616 778 4629 .
1562 4631 1564 4636 Α
