3276 5660
457 473 548 562 216

370 618 376 630 „
449 613 528 672 quae
548 589 691 650 lentiam
709 589 754 648 sic
770 578 932 668 effutient,
951 595 986 650 tet
1004 583 1091 668 inops
1111 595 1140 650 el
1153 577 1296 662 infirmus
1322 557 1384 648 etc.¹
1398 585 1563 658 Sallustius

445 690 544 733 autem
561 673 632 729 istas
650 671 787 750 querelas
809 674 950 731 aduersus
967 684 1103 730 naturam
1125 671 1256 732 studiose
1274 671 1381 736 refutet
1399 673 1429 730 in
1448 673 1564 754 iugur-

384 753 397 775 ‘
443 757 521 816 tltini
542 753 613 816 belli
632 753 807 832 prohoemio
816 781 826 824 ;
851 755 957 832 quoin
975 767 1149 831 argumento
1166 767 1303 814 uersatur
1319 755 1410 813 etiarn
1434 753 1564 834 praeeli-

441 853 507 900 ctus
525 839 671 900 Lactantii
690 839 786 898 liber.
814 838 947 916 Denique
964 837 1110 916 Apuleius
1137 837 1175 898 de
1205 838 1261 898 deo
1278 841 1359 898 Socr.
1380 839 1428 896 ed.
1449 843 1558 906 Weclr.

439 927 477 1006 p?
495 925 544 993 43.
564 925 623 980 ait:
645 925 780 980 homines
797 928 914 980 ratione
929 921 1126 998 plaudentes,
1149 927 1288 983 oratione
1308 923 1476 998 pollentes,
1497 934 1558 987 tm.

440 1007 621 1066 mortalibus
641 1011 770 1072 animis,
788 1004 977 1063 moribundis
994 1005 1151 1072 membris,
1172 1005 1291 1063 leuibus
1308 1015 1336 1060 ct
1352 1011 1459 1062 uta-tis
1473 1029 1557 1070 mm„

436 1089 534 1158 tibus,
553 1092 652 1148 brettis
669 1101 699 1146 et
722 1089 865 1147 obnoxiis
888 1089 1083 1165 corporibus.
1112 1089 1249 1146 lemuero
1270 1084 1402 1145 Plinium
1421 1093 1555 1168 (nequid

438 1173 479 1229 tle
496 1172 650 1232 Lactantio
668 1181 698 1227 et
715 1168 883 1247 Augustino
902 1170 1025 1241 dicam)
1041 1169 1166 1249 politico
1184 1169 1336 1228 Ciceronis
1362 1189 1454 1246 opere
1470 1193 1555 1237 usum

436 1253 528 1314 inisse
545 1253 699 1314 docuimus
717 1253 748 1310 in
778 1253 965 1312 testimoniis.
994 1253 1154 1332 Apuleius,
1178 1253 1232 1330 qui
1261 1251 1299 1309 de
1325 1269 1387 1327 rep.
1414 1255 1551 1335 scripsit,

436 1336 502 1398 lieri
519 1357 579 1396 non
596 1350 693 1418 potest
710 1334 782 1414 quin
792 1335 904 1396 alicubi
922 1335 1074 1395 Ciceronis
1085 1355 1158 1414 opus
1175 1333 1331 1413 politicum
1348 1335 1482 1397 imitatus
1498 1343 1551 1401 sit.

436 1422 575 1481 Dicerem
592 1419 736 1499 peculiari
752 1417 816 1477 iure
834 1420 923 1476 etiam
941 1419 1114 1478 Sallustium
1134 1420 1205 1497 (qui
1235 1420 1273 1477 de
1291 1439 1362 1497 rep.
1383 1421 1553 1483 ordinanda

435 1505 587 1584 scripsisse
606 1501 769 1575 creditur)
789 1501 1003 1580 percellentem
1021 1503 1110 1562 luisse
1128 1501 1245 1560 tulliani
1264 1501 1351 1560 huitu
1370 1504 1490 1580 operis,
1508 1509 1552 1567 ni.

435 1589 461 1646 si
479 1585 753 1653 eumsnllustium,
767 1587 817 1662 qui
828 1584 964 1644 Ciceroni
984 1599 1090 1644 auctor
1100 1584 1157 1642 luit
1169 1595 1181 1660 (
1192 1586 1231 1643 ed
1243 1587 1310 1659 Q.lr
1323 1583 1430 1661 1115.)
1444 1588 1554 1648 immu-

433 1671 519 1729 tandi
537 1669 683 1728 rationem
701 1667 817 1746 operis,
829 1667 920 1726 alium
936 1687 998 1727 esse
1016 1666 1165 1727 hominem
1184 1668 1275 1746 uulgo
1287 1667 1446 1729 existimari
1465 1672 1554 1732 uide-

435 1773 517 1813 rem.
541 1753 674 1831 Denique
693 1751 850 1811 tullianum
871 1752 908 1811 de
927 1771 989 1830 rep.
1008 1749 1109 1810 locum
1120 1793 1129 1820 ,
1147 1751 1382 1830 quemaequales
1398 1757 1428 1812 'et
1443 1769 1553 1832 poste-

434 1839 462 1896 ri
479 1837 734 1916 compilsuerunt,
752 1855 849 1895 nonne
867 1835 932 1913 ipsc
949 1847 1054 1893 auctor
1072 1856 1088 1892 e
1106 1835 1244 1897 Lucretio
1265 1835 1402 1894 deriuare
1425 1837 1553 1900 uidetur
1625 1834 1628 1843 '

402 1984 405 1993 ¹
435 1921 590 1982 libvsas
601 1924 612 1978 i
622 1933 683 1979 tecm
692 1941 786 1997 porro
800 1939 876 1995 puer
893 1923 1036 1978 ntscenis
1043 1926 1194 1997 proiectus
1205 1921 1242 1978 ab
1253 1917 1468 1981 randis-nonita
1477 1966 1487 1992 ,
1496 1943 1552 1982 nn·
1626 1940 1628 1957 ¹

434 2007 495 2064 eius
517 2006 600 2062 hermi
616 2011 691 2062 iacet
707 2005 829 2078 infans,
848 2001 1174 2078 inde‘gnsomni·uitnli
1185 2006 1324 2074 anxilio,
1340 2015 1405 2062 cnm
1415 2013 1550 2081 primunt

434 2093 468 2146 in
487 2093 612 2146 luminis
628 2089 844 2146 oras-nixibus
856 2082 900 2146 ‘ec
924 2091 997 2146 aluo
1015 2095 1124 2146 metris
1139 2098 1251 2148 nature
1275 2087 1434 2166 presedit.
1455 2091 1549 2149 immo

433 2167 625 2247 longinquius
643 2171 766 2230 iortssse
783 2169 888 2228 Cicero
908 2169 1063 2228 accersiuit
1080 2168 1293 2240 imitationem,
1315 2187 1423 2250 nempe
1438 2191 1456 2229 n
1477 2173 1548 2234 Ple«

434 2254 512 2315 tonis
531 2252 708 2330 Epinomide
725 2267 753 2310 et
773 2251 811 2311 ab
831 2253 963 2310 eiusdem
982 2252 1071 2310 tertio
1090 2251 1127 2310 de
1144 2253 1277 2331 legibus.
1549 2325 1553 2333 ¹

487 2339 529 2397 Ut
545 2335 633 2394 finem
659 2335 786 2406 inciam,
805 2354 917 2395 summe
937 2335 1054 2396 tulliani
1073 2335 1240 2413 prohoemii
1256 2335 1328 2395 haec
1346 2336 1425 2395 suits
1446 2341 1548 2400 Natu-

433 2441 468 2480 ra
486 2419 637 2478 hominem
654 2419 768 2478 nudum
784 2418 965 2480 formauitet
982 2417 1143 2488 inormem,
1162 2431 1195 2478 ut
1206 2441 1270 2478 cum
1287 2419 1431 2498 sapientia
1449 2424 1548 2482 muni-

433 2517 479 2562 ret
497 2517 525 2562 et
540 2513 653 2580 tegeret
672 2505 778 2572 (Lact.
793 2523 852 2560 vn.
872 2507 940 2573 4.).
960 2500 1022 2562 Soli
1041 2501 1155 2560 homini
1173 2503 1318 2580 sapientia
1336 2505 1490 2576 occaect,
1517 2517 1549 2565 et

432 2585 507 2644 haec
524 2587 585 2645 sols
601 2583 730 2642 hominis
745 2597 952 2662 mutorumque
969 2584 1109 2644 distantia
1128 2595 1195 2660 est(
1206 2589 1285 2646 Lact.
1297 2587 1414 2663 epitom.
1427 2609 1547 2646 xxxiv.

432 2671 544 2728 instll.
554 2679 593 2742 t.)
606 2671 674 2750 lpse
692 2677 791 2726 sutem
808 2667 903 2738 ratio,
914 2669 1030 2744 quaein
1040 2667 1161 2728 homine
1176 2671 1308 2746 perfecta
1326 2683 1368 2728 est
1378 2711 1387 2738 ,
1397 2668 1548 2746 sapientia

431 2753 603 2812 nominatur
621 2750 933 2824 (Lact.inst.lll.ro·)
950 2757 1044 2814 Porro
1062 2752 1206 2830 sapientie
1224 2765 1267 2811 est
1286 2751 1546 2829 intelligentiam!

431 2839 471 2896 nd
481 2837 592 2896 bonum
603 2849 775 2912 rectumque
784 2835 1021 2906 iaciendum,'ucl
1031 2835 1209 2895 abstinentia
1222 2835 1372 2894 dictorum
1380 2837 1545 2896 lectorum-

432 2941 489 2998 que
505 2921 711 2998 improborum
729 2923 1017 2998 (iunctm-vrci.
1030 2932 1043 2993 )
1056 2921 1136 2996 Ergo
1146 2933 1252 2978 natura
1265 2927 1278 2991 (
1290 2919 1452 2998 scupotius
1462 2922 1543 2978 Deus

431 3018 464 3061 nt
474 3005 610 3062 emendat
619 3001 788 3063 Lactantius
799 3014 828 3058 et
839 3002 876 3059 de
887 3003 930 3058 ira
940 3001 1381 3080 D.cap.ult.inst.lll.28.)quee
1390 2993 1541 3061 hominem

431 3087 471 3146 ad
480 3085 651 3166 sapientiem
664 3085 881 3163 genuit,cadem
892 3085 931 3142 ed
943 3103 1107 3143 resarcitu
1116 3086 1301 3162 pt·ocreauit;
1314 3085 1419 3163 deque
1429 3085 1542 3145 scilicet

427 3170 540 3228 icutitia
556 3171 697 3230 scribitur
714 3169 819 3227 tertius
837 3168 934 3237 liber,
955 3168 994 3225 ad
1015 3189 1102 3246 quem
1114 3169 1286 3247 praedictus
1302 3168 1340 3226 de
1359 3182 1465 3226 nature
1481 3167 1541 3227 lto-

427 3255 518 3313 minis
531 3275 625 3313 sermo
638 3255 718 3312 uiam
728 3251 839 3310 munit.
861 3253 898 3308 Et
913 3251 1051 3330 quoniam
1070 3252 1108 3310 de
1125 3252 1270 3328 sapientia
1287 3271 1346 3308 non
1364 3252 1540 3330 perfuncto-

426 3343 474 3398 rie
490 3357 586 3396 sermo
612 3337 668 3395 suit
690 3337 721 3392 in
745 3335 805 3392 hoc
826 3333 905 3390 tertii
924 3333 994 3392 libri
1012 3333 1207 3412 prohoemio,
1230 3334 1320 3394 ualde
1348 3335 1480 3396 arbitror
1506 3337 1540 3396 ci

426 3435 564 3499 spectare
581 3417 768 3479 Lactantium
787 3437 853 3475 cum
870 3416 941 3492 epit.
960 3435 1035 3474 xxxi
1053 3437 1116 3494 sqq.
1141 3412 1390 3496 philosophorum
1407 3427 1538 3480 ueterum

426 3503 603 3580 sapientiem
612 3500 737 3560 uentilat
746 3525 756 3570 ς
779 3517 918 3572 eamque,
935 3497 1097 3574 quintianis
1108 3511 1137 3554 et
1145 3500 1350 3577 pugnantibus
1361 3501 1539 3561 fundamen-

427 3578 467 3642 tis
477 3587 639 3654 niteretur,
663 3584 703 3640 sit
721 3602 737 3637 n
754 3579 919 3640 recentiore
929 3580 1080 3639 academie
1089 3623 1099 3650 ,
1118 3599 1192 3658 quae
1210 3582 1348 3642 omnibus
1367 3584 1479 3644 bellum
1497 3588 1538 3646 in·

430 3667 541 3724 diceret
553 3710 562 3736 ,
588 3667 759 3724 dissolutam
777 3683 839 3720 esse
861 3675 948 3742 atque
970 3662 1159 3734 subuersum,
1178 3679 1239 3724 tam
1261 3666 1538 3744 physicnmscilicct

427 3749 603 3829 sapientiam
625 3768 711 3825 quam
729 3747 886 3806 moralem.
915 3749 1031 3805 Reuern
1050 3761 1080 3805 et
1095 3747 1176 3825 apud
1194 3749 1381 3807 Lactantium
1403 3754 1535 3830 sequitur

429 3833 591 3912 disputatio
609 3831 647 3889 dc
664 3829 833 3900 iustitia,et
851 3829 931 3908 apud
947 3823 1078 3888 Tullium
1089 3829 1290 3891 introducitur
1307 3834 1448 3912 princeps
1468 3857 1536 3894 ace·

429 3919 542 3976 demine
560 3916 726 3975 Carneades
736 3912 877 3972 iustitiam
896 3927 1137 3990 oppugnaturus.
1157 3916 1239 3974 llaec
1246 3915 1308 3973 inre
1318 3918 1469 3994 praefatus
1483 3919 1536 3978 Ci-

429 4021 498 4060 cero
521 3999 633 4077 dialogi
656 4017 796 4078 personas
813 3999 853 4055 ad
871 3995 1102 4062 continuandum
1121 3997 1160 4061 dc
1177 4019 1240 4084 rep.
1255 4012 1284 4061 et
1304 4001 1479 4081 pracsertim
1497 4001 1535 4061 ds

426 4085 542 4148 iustitis
561 4101 724 4148 sermonem
742 4081 851 4145 iterum
867 4079 1023 4142 cumauit.
1493 4127 1496 4132 .

1621 4040 1628 4200 l

1622 4250 1628 4353 l

1624 4406 1628 4479 ι
