3286 5658
411 515 502 602 286
744 539 805 597 nn
840 541 899 599 aa
934 527 1162 602 aventes

411 681 415 690 ‘
462 651 564 754 ¹Non
579 652 679 734 enirn
694 654 799 732 facile
810 659 944 734 ualenti
960 657 1102 762 populo
1117 637 1300 734 resistitur
1307 691 1323 753 ·‚
1340 655 1369 731 si
1380 656 1507 732 autni-
1636 759 1637 762 Ἴ

402 784 452 859 hil
467 785 656 886 impertias
669 783 778 881 iuris,
798 795 860 857 aut
883 811 1017 888 parum
1031 791 1076 857 (a)
1100 787 1331 860 Priscianus
1352 779 1422 854 lib.
1440 805 1511 860 κν.

396 938 439 1014 p.
467 909 576 1002 ιοι4.
688 891 692 898 ’
1057 1011 1059 1018 Ι
1327 907 1331 914 ’

478 1033 547 1107 Cui
571 1031 720 1133 quidem
731 1029 775 1104 (b)
791 1029 932 1130 utinam
948 1057 1033 1105 uere
1045 1029 1199 1105 fideliter
1212 1026 1354 1104 abunde
1372 1039 1455 1103 ante
1470 1023 1512 1098 (a)

401 1153 649 1256 augurauerim
665 1207 676 1224 .
692 1153 846 1228 Nonius
863 1177 950 1227 noc.
973 1179 1141 1254 aasgrsro.

476 1279 607 1354 VIIII.
622 1275 780 1353 flustra
792 1275 864 1349 boc
878 1275 1117 1351 exclamante
1132 1275 1318 1352 Cicerone
1328 1326 1339 1366 ,
1348 1275 1418 1375 qui
1428 1296 1515 1346 cum

397 1398 448 1479 'cte
460 1405 588 1505 poetis
605 1411 733 1497 ageret
744 1431 763 1449 -
776 1393 837 1468 Ad
853 1419 945 1496 quos
962 1419 1048 1470 eum
1065 1395 1244 1492 accessit,
1261 1399 1412 1496 inquit,
1433 1391 1513 1470 cla-

401 1548 486 1598 mor
502 1535 539 1595 et
553 1514 773 1618 adprobatio
789 1513 921 1616 populi
939 1516 1042 1615 quasi
1059 1517 1180 1616 magni
1198 1517 1389 1591 cuiusdam
1406 1528 1443 1588 et
1457 1540 1518 1589 sa-

402 1643 536 1745 pientis
554 1637 739 1736 magistri,
756 1661 844 1735 quas
860 1633 916 1707 illi
932 1617 1124 1710 obducunt
1138 1627 1336 1710 tenebras?
1348 1661 1442 1737 quos
1458 1635 1516 1708 in·

403 1766 542 1845 uehunt
568 1774 688 1838 metus
712 1757 760 1828 (d)
781 1753 802 1834 l
821 1775 910 1858 quas
939 1759 1172 1835 inflammant
1200 1757 1418 1864 cupiditates
1444 1752 1517 1836 tet?
1629 1826 1632 1835 .

446 1927 492 1996 (a)
516 1925 610 1980 Locus
629 1915 680 1976 hie
698 1913 786 1972 tertio
803 1913 834 1971 in
851 1912 931 1972 libro
948 1915 1018 1972 satis
1038 1919 1106 1996 apte
1125 1887 1355 1977 'concluderetur
1370 1913 1428 1973 nisi
1445 1935 1513 1974 eum

401 2007 566 2066 Priscianus
582 2000 692 2059 diserte
705 2019 721 2056 e
735 2011 840 2075 qsrarto
857 1999 1085 2056 librolaudaret
1095 2013 1155 2058 tam
1165 2001 1196 2059 in
1217 2000 1415 2068 editionibus,
1426 2019 1515 2078 quam

400 2085 432 2144 in
443 2101 561 2157 uetere,
582 2105 667 2163 quern
684 2081 815 2161 inspexi,
836 2082 937 2140 codiee
949 2083 1102 2142 uaticano.
1121 2085 1167 2156 (b)
1189 2087 1235 2144 ltu
1250 2083 1464 2162 periscelidae
1484 2093 1517 2140 at

401 2169 583 2250 plantiniana
595 2184 621 2228 et
635 2169 727 2245 gatos„
737 2165 877 2246 qaudam.
903 2170 944 2238 (c)
967 2169 1013 2223 lta
1027 2166 1060 2224 fit
1071 2168 1240 2226 coniectura
1249 2167 1280 2227 in
1290 2166 1422 2246 margine
1432 2165 1517 2245 plan·
1629 2177 1633 2212 t

401 2255 530 2314 tinianae
545 2282 554 2325 ς
572 2271 700 2330 namque
717 2247 863 2306 editiones
880 2249 956 2308 aliae
972 2247 1084 2308 habent
1101 2253 1290 2322 abundante,
1320 2251 1397 2310 aliae
1418 2252 1517 2311 mnn-

402 2343 517 2398 els'ente.
531 2343 564 2398 ln
577 2335 745 2402 codicibus,
760 2345 900 2410 quantum
910 2331 992 2403 uidi,
1005 2333 1191 2393 desideratur
1199 2333 1250 2395 bic
1258 2333 1411 2395 Ciceronis
1420 2333 1521 2392 locus.

446 2428 494 2493 (d)
517 2422 608 2498 Apud
634 2416 885 2478 saresberiensem
910 2435 967 2492 pro
992 2427 1086 2476 metris
1102 2418 1194 2476 estin
1210 2417 1344 2496 margine
1362 2417 1445 2477 naria
1470 2417 1519 2473 le·

402 2503 462 2562 etio
488 2515 585 2566 nsotrae
595 2545 605 2572 ,
623 2523 698 2577 quae
715 2498 788 2556 mihi
806 2499 929 2561 uidetur
944 2498 1074 2576 optima.
1097 2509 1139 2574 (e)
1154 2503 1306 2562 Hactenus
1321 2498 1519 2579 augustinus,

402 2587 464 2645 lam
482 2587 534 2646 etsi
553 2585 681 2644 inunctio
704 2583 733 2638 in
749 2592 852 2658 poetas
870 2593 913 2638 est
932 2583 1014 2658 apud
1030 2584 1203 2644 Ciceronem
1221 2587 1258 2642 N.
1268 2588 1332 2644 DJ.
1348 2589 1393 2646 ro.
1404 2584 1521 2644 tlttr:

401 2679 474 2730 tusc.
487 2672 526 2728 11.
542 2689 586 2728 ιι.
609 2687 654 2728 ιι.
671 2667 720 2734 32;
740 2663 907 2740 etquidem
923 2665 1010 2724 tlte·
1029 2667 1139 2742 partim
1156 2667 1260 2726 similis
1278 2665 1351 2729 huic
1369 2669 1454 2737 laco;
1469 2665 1518 2721 nli·

401 2747 711 2814 hilominusuidentur
726 2747 798 2806 mihi
809 2746 946 2824 Sigonius
964 2760 992 2804 et
1005 2749 1144 2810 Viuesius
1161 2751 1225 2810 iure
1241 2751 1319 2811 hanc
1335 2748 1514 2831 particulam

400 2837 533 2913 posuisse
552 2835 582 2892 in
600 2832 772 2911 fragmentis
785 2830 931 2890 librorum
949 2831 987 2890 de
998 2841 1061 2911 rep.
1073 2847 1135 2892 tum
1145 2847 1270 2914 propter
1287 2837 1448 2896 uerborum
1466 2832 1519 2890 ‹ti-

400 2917 597 3000 serepantiam
609 2961 617 2987 ,
628 2932 690 2976 tum
702 2929 826 2993 propter
838 2913 1019 2974 incrementa
1028 2919 1240 2976 sententiarum
1251 2959 1257 2973 .
1269 2919 1407 2978 imitatur
1417 2929 1516 2975 autern

402 3001 480 3064 bane
502 3000 762 3082 reprehensionem
778 3009 934 3076 poetarum
953 3001 1122 3058 Lactantius
1142 3001 1210 3059 inst.
1229 3004 1253 3058 Ι.
1277 3001 1322 3060 ι5.
1342 2999 1519 3061 Ea'scilieet
1635 3029 1637 3036 v

400 3087 551 3163 platonica
568 3099 630 3156 ast,
649 3099 681 3144 ut
692 3082 831 3142 obserant
840 3081 929 3142 etiam
945 3081 1129 3160 Augustinus
1146 3087 1180 3143 C.
1190 3089 1227 3143 D.
1241 3105 1315 3148 rur.
1339 3083 1383 3144 ιδ.
1395 3083 1516 3160 [egeus

401 3169 498 3248 ipsam
508 3162 659 3235 Platonem
672 3169 747 3244 reip·
766 3168 820 3230 Hb
840 3187 874 3244 ps
887 3168 958 3244 39¹⁵
976 3165 1035 3242 leg.
1056 3189 1100 3226 rr.
1116 3171 1150 3245 p.
1173 3186 1243 3247 7¹93
1261 3186 1363 3226 rursus
1379 3167 1460 3245 reip.
1476 3188 1518 3234 η

399 3255 546 3334 nisiquod
565 3276 595 3332 p.
615 3256 681 3332 607.
694 3249 803 3328 excipit
819 3249 947 3329 hymnos
963 3249 994 3308 in
1014 3251 1106 3320 deos,
1123 3251 1368 3328 laudationeque
1383 3247 1518 3330 poeticas

401 3415 478 3481 pam
490 3407 523 3458 et
534 3383 747 3454 martuobu'm
765 3379 937 3451 laudatio·
981 3399 1094 3452 tonem
1106 3385 1190 3476 reip.
1202 3387 1248 3454 ΙΙ.
1263 3411 1297 3478 p.
1313 3387 1393 3467 366,
1407 3383 1474 3478 leg.
1487 3383 1518 3454 Ι.

400 3507 480 3564 nes;
505 3503 591 3568 quae
609 3478 737 3545 seilicet
762 3475 937 3548 laudatio÷
981 3479 1097 3568 pass.
1113 3497 1166 3545 ιν.
1204 3477 1517 3572 ·7¹7·1¹¹·P·947·

399 3597 459 3639 nes
476 3592 593 3639 utrum
607 3595 625 3635 a
640 3565 819 3636 Publicola
837 3569 936 3633 inte-⁶
980 3573 1059 3659 958.
1074 3589 1145 3660 sqq.
1190 3571 1423 3660 enophnaem.
1438 3573 1517 3638 Soet

385 3667 536 3756 perias,
555 3661 687 3727 dubitat
700 3659 883 3749 Dionysius
895 3679 935 3725 vs
981 3663 1027 3727 ll.
1049 3689 1080 3729 a.
1101 3663 1195 3727 Inter
1221 3661 1417 3729 christianos
1439 3659 1519 3751 lege

405 3753 815 3850 metamaucensem
828 3749 937 3842 uulgo
981 3749 1195 3820 Laetantinm
1223 3755 1300 3820 inst.
1327 3773 1379 3820 ιἰ.
1399 3777 1461 3833 ra,
1480 3765 1518 3817 et

425 3861 515 3918 uitae
525 3846 695 3914 'suadens
715 3839 849 3911 Solonis
861 3844 936 3910 iura
981 3839 1210 3940 Augustinum
1222 3849 1264 3914 de
1278 3869 1358 3912 cura
1371 3869 1439 3940 ger.
1452 3863 1518 3935 pro

398 3876 554 4009 lisnebriu
572 3955 650 4005 snut
668 3935 759 4026 apud
786 3933 878 4002 Plut.
899 3938 935 4002 in
980 3939 1140 4004 mortuis.
1160 3939 1269 4007 Porro
1283 3941 1374 4028 quod
1388 3938 1517 4006 adtinet

400 4035 557 4105 Salute
570 4029 734 4187 Lycurgi
748 4030 839 4120 apud
850 4043 935 4096 eun-³
981 4031 1024 4096 ad
1036 4029 1232 4120 inferiarum
1245 4031 1427 4098 utilitatem
1440 4027 1520 4097 Pla·

401 4127 478 4194 dem
508 4124 600 4193 Plut.
630 4125 666 4188 in
719 4145 774 4214 yc.
804 4139 933 4189 xxvtra
981 4118 1520 4212 teinprinr'opraedictorumlo·

399 4218 502 4310 Apud
521 4219 694 4285 La'e'rtinm
713 4214 776 4282 ΙΙΙ.
793 4214 835 4300 48
854 4209 936 4280 Pla-
983 4235 1102 4282 eornm
1130 4213 1145 4306 (
1174 4217 1257 4306 reip.
1288 4217 1332 4281 ll.
1351 4239 1385 4306 p.
1412 4215 1481 4284 366
1501 4209 1517 4302 )

401 4327 437 4376 ιο
457 4314 518 4378 tria
538 4331 659 4404 genera
684 4305 831 4373 iustitiae
861 4321 935 4372 sta-
980 4327 1117 4396 prorsus
1136 4309 1304 4397 conspirat
1321 4331 1401 4373 enm
1419 4307 1518 4372 diui-⁴

278 4455 281 4462 .
402 4403 584 4494 tuit‚erga
603 4405 707 4482 deos,
729 4396 935 4466 himinesfet
980 4417 1023 4465 na
1058 4401 1256 4466 anctoritate
1284 4397 1364 4466 libri
1392 4400 1439 4468 ll.
1462 4421 1517 4470 ta.

401 4487 936 4593 manes.Legesiseuudem1{la⁴'
980 4489 1027 4580 46
1037 4487 1352 4574 Maobabatoruu.
1376 4541 1389 4564 ψ.
1435 4529 1440 4536 ·
1501 4522 1507 4532 ·
