3262 5662
229 1250 306 1331 ⁸0.
329 1255 398 1319 XV.

280 1343 315 1401 P.
332 1341 407 1407 ὕοι.

439 449 529 560 146
774 476 837 538 nn
868 471 931 536 nn
964 469 1195 536 eructes

431 599 545 700 tuit,
566 593 700 711 prima
722 593 858 710 posita
880 611 943 678 est
964 588 1168 702 olympias
1192 607 1267 675 tat:
1291 581 1420 704 quam
1440 581 1540 704 qui·

432 733 533 823 dam
564 737 749 822 nominis
779 763 921 822 errore
952 727 1007 815 ab
1033 726 1187 814 eodem
1208 721 1407 844 Lycurgo
1437 757 1541 813 con·

432 879 620 968 stitutam
636 899 784 994 putant
808 899 887 966 (ι).
910 873 1146 960 Homerum
1170 890 1340 975 autem,
1364 872 1440 990 qui
1458 872 1540 955 mi·

430 1022 594 1110 nimum
633 1019 818 1123 dicunt,
858 1005 1041 1133 Lycurgi
1070 1012 1192 1100 aetati
1223 1013 1391 1129 triginta
1419 1004 1540 1100 annis

431 1185 692 1282 anteponunt
726 1160 815 1248 fere
845 1185 922 1254 (π).
954 1169 985 1220 “
1017 1147 1203 1278 Exque
1243 1156 1430 1274 intellegi
1456 1187 1540 1272 -po-

438 1361 468 1420 ,,
498 1329 577 1396 test
598 1305 818 1426 permultis
834 1287 955 1392 anuis
972 1297 1104 1422 amite
1125 1319 1168 1394 <bt
1185 1301 1422 1386 Homerum
1438 1301 1539 1390 fuis-

472 1521 519 1592 (α)
543 1511 735 1574 Locutionem
741 1513 849 1607 posita
859 1521 904 1570 est
912 1509 1060 1590 olympias
1076 1529 1182 1588 graeco
1203 1505 1332 1566 delente
1349 1505 1467 1564 Tullius
1486 1507 1540 1566 tle·

346 1603 353 1615 “
429 1597 510 1660 riusl
530 1595 662 1679 τιθῖγη
678 1597 792 1678 ἅμα
809 1593 858 1654 uel
885 1591 1102 1678 rievgsmoe'd'n,
1130 1593 1173 1652 uti
1199 1605 1244 1650 cst
1263 1590 1346 1668 apud
1381 1589 1537 1654 Eusebium

379 2195 391 2246 l

424 1686 532 1764 ¹chron.
547 1691 572 1748 1.
584 1689 633 1748 32.
652 1688 700 1748 ed.
712 1687 832 1748 mediol.
844 1687 918 1746 ltem
927 1683 1008 1762 quod
1017 1683 1107 1764 patilo
1115 1701 1182 1764 post
1192 1684 1234 1744 ait
1244 1694 1433 1747 constitutam
1440 1687 1539 1765 olym·

424 1771 547 1852 piadem
566 1787 666 1832 manat
685 1771 723 1832 de
741 1793 847 1854 graeco
864 1761 1031 1854 invpasale
1052 1765 1213 1852 ἐτέχθη..
1228 1771 1332 1830 Euseb.
1351 1767 1464 1828 ibidem
1487 1771 1539 1829 ,Α

429 1856 616 1936 Tulliiuerc
630 1861 805 1922 auctoritate
821 1859 909 1920 nimis
926 1859 1040 1918 recedit
1058 1859 1222 1932 Eusebius,
1241 1859 1291 1938 qui
1312 1859 1414 1920 chron.
1430 1857 1485 1920 tib.
1499 1860 1538 1920 tt.

428 1937 511 2016 leges
526 1947 689 2020 aLycurgo
706 1943 974 2024 scriptaseitnnnis
990 1943 1082 2002 ferme
1099 1942 1310 2026 quinquaginta
1329 1957 1397 2002 ante
1414 1942 1539 2021 primam

428 2021 651 2102 olympiadem.
682 2025 727 2102 (b)
750 2031 814 2090 Hoc
823 2042 868 2087 est
878 2026 989 2088 codicis
1005 2027 1110 2086 lolium
1119 2041 1302 2106 postremum
1312 2070 1320 2098 ‚
1332 2029 1414 2086 cuius
1425 2027 1539 2090 nonnisi

426 2103 554 2168 frustum
564 2105 699 2168 intimum
710 2126 843 2191 superest
860 2111 975 2171 lacerae
987 2113 1191 2170 membranae.
1218 2115 1315 2184 Quum
1329 2126 1427 2169 autern
1441 2110 1541 2171 cuius-

428 2207 486 2267 que
502 2191 629 2272 paginae
650 2193 710 2254 sint
727 2195 787 2254 duo
804 2196 963 2265 latercula,
975 2195 1038 2252 folii
1058 2217 1128 2254 uero
1146 2195 1291 2253 latercula
1308 2207 1455 2272 quatuor3
1478 2193 1539 2252 hoc
1616 2253 1617 2274 q

428 2273 551 2349 quidem
565 2274 679 2336 infolio
690 2277 768 2340 nihil
778 2277 925 2358 reliquum
936 2291 979 2336 est
995 2293 1115 2356 praeter
1132 2277 1221 2357 primi
1240 2277 1394 2356 quartique
1411 2277 1542 2336 latercu-
1616 2281 1617 2300 ³

426 2353 450 2414 ll
468 2375 568 2435 partes
586 2359 755 2423 dimidiatas
773 2383 789 2422 s
805 2363 916 2422 uertice
933 2361 972 2418 ad
988 2361 1096 2420 imum.
1116 2363 1175 2422 Sed
1193 2361 1271 2420 enirn
1297 2363 1381 2440 prior
1395 2359 1461 2418 solii
1480 2383 1541 2438 pa·

425 2441 495 2528 gina
519 2443 612 2504 ferme
644 2446 885 2526 totalsuppletur
906 2443 1036 2506 feliciter
1057 2447 1094 2505 ab
1114 2445 1280 2523 Augustino
1305 2445 1400 2504 locum
1426 2445 1540 2502 citante

424 2537 459 2592 C·
478 2529 514 2583 l).
540 2549 635 2588 svnt.
654 2536 705 2600 as,
722 2543 752 2586 et
781 2551 859 2588 nn.
878 2533 909 2600 6,
927 2549 985 2606 quo
1002 2543 1154 2607 postremo
1172 2528 1288 2608 capite,
1315 2549 1352 2588 ne
1370 2521 1539 2607 iirterpola-
1613 2535 1614 2583 t

425 2614 538 2674 tionem
562 2610 692 2688 aliquam
717 2611 916 2690 suspicemur,
943 2611 985 2669 ait
1006 2613 1189 2689 Augustinus
1214 2633 1244 2670 se
1268 2614 1360 2672 uerba
1387 2611 1539 2672 Ciceronis
1614 2607 1615 2670 t

425 2707 517 2780 prout
532 2693 643 2776 scripta
664 2696 890 2754 suntinscrere.
913 2692 1122 2756 Desideramus
1139 2697 1239 2773 itaque
1256 2696 1538 2773 perticulemlater·

426 2781 487 2844 culi
504 2778 641 2848 secundi,
655 2775 832 2839 laterculum
850 2777 991 2848 tertium,
1007 2793 1036 2842 et
1057 2779 1154 2858 quarti
1178 2779 1352 2851 dimidium
1373 2779 1537 2858 supputatis

424 2879 523 2924 autem
540 2859 643 2942 spatiis
659 2875 771 2920 constet
791 2876 906 2942 ereptas
923 2863 1009 2922 nobis
1025 2881 1086 2922 esee
1100 2864 1214 2924 litteras
1233 2863 1350 2924 circiter
1371 2885 1483 2922 ccxxx.
1495 2867 1536 2923 En

425 2961 524 3007 autem
535 2945 781 3007 histumcodicis.
795 2946 1006 3008 P.3or.lnterc.
1023 2967 1047 3004 ι.
1059 2960 1088 3018 te
1102 2953 1148 3010 Ho
1167 2991 1173 3006 .
1196 2950 1338 3028 .sue‘sse.
1359 2989 1367 3002 .
1389 2953 1484 3006 Romu
1502 2991 1509 3005 .
1527 2991 1533 3005 .

426 3032 798 3096 retiam..lromr'..ac
826 3035 1030 3107 tem..ipsis
1060 3053 1092 3090 er
1114 3031 1405 3104 ..adstantes
1431 3035 1530 3089 crra'..

423 3123 547 3178 essetlc
565 3161 573 3176 .
594 3159 601 3174 .
619 3120 726 3197 antiqu
744 3157 751 3170 .
772 3157 779 3170 .
799 3119 887 3174 tumr
905 3157 912 3169 .
933 3117 1088 3194 .sabnle.
1110 3159 1116 3172 .
1135 3124 1273 3177 etiamn.
1294 3158 1300 3172 .
1319 3135 1429 3195 numqn
1449 3157 1456 3168 .
1478 3155 1485 3167 .
1504 3115 1533 3172 P.

424 3201 496 3264 302.
519 3201 622 3262 latere.
647 3219 692 3260 α.
713 3241 720 3254 .
739 3203 777 3259 ies
796 3219 857 3262 ne.
878 3242 887 3256 .
909 3213 966 3259 etc.
985 3211 1018 3257 ut
1037 3199 1193 3260 scribimus
1219 3199 1251 3258 in
1272 3211 1371 3260 textu.
1400 3199 1533 3256 tumuere

426 3375 531 3444 qnam
549 3354 749 3421 sententiam
772 3345 959 3441 discipulus
1005 3349 1183 3416 tribuenti
1209 3346 1224 3441 )
1259 3347 1404 3416 lectione
1440 3347 1532 3439 apud

424 3443 565 3537 Polybii
582 3445 694 3532 Scipio
721 3442 787 3507 hoc
820 3444 856 3506 in
884 3465 959 3506 ser·
1005 3441 1206 3507 Hudsonnm
1236 3439 1465 3522 ἐγχιστεὸσι,
1501 3465 1535 3508 es

384 3557 388 3562 ·
422 3557 525 3602 mone
543 3551 711 3602 sectatur.
734 3531 889 3716 §Confer
901 3533 956 3596 in·
1001 3553 1068 3622 qua
1088 3531 1209 3596 merito
1227 3527 1307 3594 fecit
1330 3528 1533 3620 ἆρχιιριῦσι·

424 3623 730 3714 ferinscap.xutt.
769 3623 865 3691 Idem
884 3619 957 3690 col·
1051 3619 1104 3716 (ι)
1130 3622 1203 3688 Ηοο
1226 3621 1262 3686 in
1280 3641 1395 3688 errore
1420 3647 1534 3691 uerea-

422 3711 594 3807 ligebatnr
611 3741 651 3783 ex
668 3713 838 3783 tabula‘h.
853 3739 881 3782 e.
897 3737 959 3781 an·
1005 3727 1060 3781 tue
1071 3729 1122 3781 eet
1134 3709 1344 3793 Aristoteles,
1356 3728 1440 3780 teste
1451 3715 1536 3784 Plu·¹

421 3805 558 3875 nulibus
574 3807 796 3899 pontificum.
821 3809 955 3875 Etenim
1000 3805 1119 3874 tarcho
1142 3808 1292 3899 Lycurg.
1313 3829 1386 3896 cap.
1407 3807 1436 3888 Ι,
1468 3831 1534 3901 quo

423 3901 516 3990 apud
539 3898 771 3994 Dionys.l.74.
792 3895 955 4058 ipxrqeo'-
1000 3895 1078 3967 loco
1096 3899 1180 3966 haec
1200 3899 1432 3966 controuersia
1449 3925 1533 3969 uen-

422 3989 870 4085 es‚non'Ay2uuicr,legen
895 4011 956 4057 um
1001 3989 1142 4058 tiletur.
1169 3993 1219 4061 De
1240 3992 1399 4084 Lycurgo
1422 4011 1536 4060 cutem

420 4109 490 4153 esee
509 4085 632 4152 (locuit
641 4088 707 4152 uir.
720 4081 771 4152 ill.
787 4099 822 4150 et
840 4083 882 4149 de
899 4079 957 4150 lit·
1002 4083 1160 4164 iuniore,
1185 4085 1247 4174 qui
1270 4085 1419 4174 primum
1450 4109 1535 4180 ago·

419 4179 501 4244 teris
518 4175 690 4266 praeclare
715 4176 854 4242 meritus
873 4173 956 4242 Nie·
1000 4195 1080 4244 nem
1111 4197 1191 4241 cnm
1221 4175 1333 4268 tphito
1363 4175 1533 4262 instituit,

419 4267 566 4335 buhrius
590 4271 626 4336 in
656 4268 888 4427 disquisitione
912 4265 955 4333 de
999 4263 1134 4362 legetur
1162 4269 1283 4336 Eueeln
1305 4265 1455 4338 chron.1.
1479 4273 1532 4341 32,

377 4425 384 4430 .
421 4379 511 4426 anno
536 4361 630 4428 urbis
645 4379 722 4429 nata
738 4362 775 4442 i,
793 4383 873 4427 usus
893 4381 956 4424 ua·
1050 4357 1104 4455 (a)
1139 4359 1304 4454 Intelligit
1343 4355 1533 4447 Apollodo·

422 4451 526 4518 ticeni
555 4455 682 4523 codicis
708 4454 723 4546 (
748 4455 853 4528 immo
871 4449 955 4526 licet
999 4468 1102 4530 rum.
1127 4449 1330 4548 Complures
1360 4473 1399 4524 ec
1422 4461 1533 4526 uarias
