3276 5660
1306 377 1310 387 a
1352 347 1365 387 l

421 487 515 552 222
764 476 1181 553 aestuaremus

336 655 339 660 ·
419 599 577 720 gendo,
600 623 739 692 tamen
756 603 882 690 etiam
897 600 1003 686 sicui
1019 594 1236 683 uidebitur
1250 595 1324 682 illa
1340 593 1384 682 in
1399 595 1534 713 opti-i

293 821 296 848 =
331 849 335 856 Ι
361 841 386 854 ..
418 743 665 832 misatudiis
688 766 730 830 et
752 739 908 828 artibus
926 739 1065 860 quieta
1082 738 1191 823 uitae
1207 735 1523 847 malebestiae,

219 1325 387 1393 Desiderari

224 1415 366 1478 uidentur

198 1501 389 1580 paginaesext

417 883 517 972 haec
534 883 673 975 ciuilis
688 881 941 995 laudabilior
958 901 1019 966 ost
1035 899 1145 968 certe
1161 899 1201 968 et
1218 875 1440 964 inlustrior
1457 897 1522 971 tu:

420 1059 469 1114 ex
499 1049 583 1148 qua
604 1025 702 1113 uita
733 1025 792 1112 sic
818 1021 1081 1116 summi'uiri
1104 1033 1339 1132 ornantur,
1371 1037 1421 1106 ut
1448 1014 1528 1106 uel

420 1171 478 1258 Μ’
498 1196 542 1265 (u)
561 1169 750 1274 (lullus,
852 1185 856 1192 ’
945 1272 947 1280 ¹

419 1310 561 1424 Quem
586 1343 711 1400 nemo
728 1306 840 1400 ferro
857 1308 997 1426 potuit
1013 1321 1205 1426 superare
1222 1339 1301 1397 nec
1316 1339 1426 1398 auro·
1439 1332 1487 1403 (s)
1510 1347 1525 1417 ς

421 1456 493 1543 uel
516 1456 531 1574 ll
550 1471 596 1551 (b)
620 1513 1529 1542 .....................
1626 1509 1629 1532 a

450 1609 497 1678 (a)
515 1603 732 1670 Coclmendose
742 1608 796 1663 rM·
809 1601 841 1660 id
852 1609 895 1658 est
903 1607 1092 1684 Marcuspro
1103 1605 1150 1664 Μ’
1159 1603 1192 1660 id
1201 1609 1388 1664 sstManius.

447 1693 493 1764 (b)
508 1685 702 1765 Sequentibus
713 1684 825 1743 amissis
836 1681 951 1761 paginis
963 1681 1084 1762 uidetur
1093 1681 1197 1744 Cicero
1207 1700 1397 1764 persecutus,
1413 1685 1527 1765 partina

418 1774 538 1842 saltem,
548 1771 653 1832 laudes
662 1787 850 1827 romanorum
866 1763 946 1826 bello
963 1771 1090 1848 togaque
1107 1769 1321 1847 praestantium
1331 1811 1340 1825 .
1350 1771 1388 1828 tu
1403 1769 1533 1848 qtridem.

418 1879 508 1938 quum
519 1857 550 1912 in
565 1850 773 1934 suprascriptis
784 1849 835 1907 fiat
853 1843 962 1908 mentio
971 1851 1052 1910 Curii
1063 1894 1071 1920 ,
1084 1867 1112 1909 at
1124 1874 1189 1910 mox
1198 1850 1260 1911 sine
1271 1852 1362 1912 dubio
1379 1853 1411 1912 in
1421 1851 1530 1912 lanima

419 1939 551 1999 Fabricii
568 1953 656 2016 atque
672 1933 865 2003 Coruncanii,
876 1933 948 1993 balli
963 1927 1104 2013 epirensis
1113 1930 1257 2007 heroum,
1268 1934 1427 1996 uidebatur
1439 1933 1531 1994 haim

418 2023 484 2080 lolii
497 2020 619 2080 materia
633 2019 721 2078 ualde
733 2017 890 2078 cohaerere
909 2035 974 2076 oum
990 2013 1042 2100 illa
1051 2062 1061 2088 ,
1077 2037 1152 2095 quae
1166 2016 1263 2098 prima
1280 2033 1324 2078 est
1340 2020 1371 2078 in
1388 2039 1453 2080 mco
1470 2040 1531 2078 uo·

416 2103 547 2174 lumine,
559 2100 609 2162 ubi
618 2101 730 2162 scilicet
741 2101 902 2159 laudantur
913 2101 969 2158 uiri
979 2101 1077 2179 primo
1090 2100 1169 2160 bello
1179 2100 1289 2180 punioo
1301 2103 1432 2162 illustres
1442 2126 1450 2159 a
1460 2103 1530 2162 bel-

416 2189 479 2248 lum
496 2189 576 2248 enim
591 2188 728 2264 epirense
747 2197 903 2247 consecuta
915 2198 959 2242 ast
969 2183 1121 2246 dimicatio
1137 2205 1202 2246 cum
1212 2183 1509 2264 Karthaginiensibus
1519 2227 1531 2244 .

418 2273 522 2351 ltaque
537 2266 583 2330 his
597 2269 715 2329 indiciis
733 2281 894 2328 commotus
906 2262 965 2327 dixi
976 2285 1034 2350 p.a
1059 2264 1091 2326 in
1107 2261 1185 2327 notis
1195 2313 1204 2340 ,
1214 2269 1277 2326 sore
1287 2283 1319 2327 ut
1329 2269 1387 2329 alio
1406 2271 1473 2331 loco
1491 2269 1531 2327 de

417 2354 474 2412 ista
491 2355 596 2415 lacuna
614 2353 769 2434 loquerer.
782 2347 864 2411 lllud
884 2349 970 2409 etiam
988 2349 1148 2412 accedebat
1169 2353 1257 2413 nexas
1274 2349 1532 2434 indicium,'quod

419 2439 526 2496 Cicero
540 2459 681 2516 persaepe
690 2433 795 2496 heroas
807 2429 878 2516 belli
895 2435 1036 2514 epieensis
1054 2429 1231 2496 coniunctim
1244 2435 1376 2498 celebrat
1389 2457 1455 2498 oum
1469 2433 1532 2496 illis
1628 2461 1629 2466 ¹

419 2519 519 2595 punici
530 2521 621 2591 belli,
644 2527 676 2577 ul
693 2541 749 2598 pro
761 2517 882 2577 Plancio
901 2535 978 2586 xxv,
995 2526 1066 2576 tusc.
1086 2522 1108 2579 l.
1124 2523 1172 2590 46,
1184 2523 1258 2578 Ν.Ι).
1272 2521 1311 2588 ll.
1323 2523 1373 2592 66,
1383 2521 1530 2600 parad-ll,
1628 2551 1629 2568 t

421 2601 460 2661 da
479 2624 539 2662 sen.
563 2626 633 2662 xttt.
653 2603 713 2660 Sed
731 2614 827 2658 tamen
844 2621 881 2657 ne
897 2601 939 2661 ibi
957 2601 1015 2662 hoc
1030 2596 1136 2660 lolium
1164 2597 1358 2674 collocarem,
1377 2603 1410 2661 id
1429 2623 1476 2662 me
1493 2601 1534 2662 in
1628 2619 1629 2630 ¹

418 2685 524 2764 primis
540 2683 704 2754 deterruit,
716 2684 795 2760 quod
806 2677 884 2740 inter
896 2679 1075 2742 mentionem
1089 2685 1173 2744 Curii
1193 2699 1221 2742 et
1231 2685 1314 2744 illam
1325 2683 1422 2744 Duetit
1432 2684 1531 2744 maius

418 2769 497 2836 iusto
513 2771 642 2847 spatium
666 2762 880 2826 intercederets
906 2769 1017 2845 quippe
1043 2767 1122 2826 illud
1143 2768 1248 2828 solium
1264 2783 1313 2827 est
1330 2765 1531 2846 quaternionis
1628 2779 1629 2846 t

420 2853 502 2910 tertii
519 2853 681 2912 secundum
691 2893 701 2920 ‚
729 2845 787 2908 hoc
804 2863 902 2908 autern
918 2847 1081 2910 necessario
1099 2849 1201 2910 suisset
1220 2852 1341 2914 secundi
1366 2851 1502 2912 intimum
1519 2877 1530 2921 s
1628 2849 1629 2892 3

420 2955 456 2992 es
477 2957 535 3014 quo
555 2935 786 3076 consetpgebatur
803 2929 1533 3014 utpagiuisoctoabessetaDuelioCurius,quod
1628 2951 1629 2972 t

421 3037 544 3096 prorsus
561 3014 657 3097 impro
681 3018 758 3076 abile
775 3031 819 3075 cst
836 3017 874 3076 ob
893 3011 996 3076 aetatis
1013 3017 1340 3078 uiciniam.Praeterea
1356 3020 1427 3080 libri
1441 3019 1531 3100 primi

421 3101 496 3162 folia
506 3103 537 3160 itt
548 3101 699 3179 superiore
708 3095 841 3184 margine
850 3099 1023 3180 inscriptam
1035 3097 1146 3160 lrabeat
1155 3097 1226 3161 libri
1237 3098 1328 3180 ipsius
1338 3118 1458 3174 notam
1474 3118 1534 3162 ter·

422 3185 458 3242 tii
470 3199 572 3246 contra
582 3187 653 3244 libri
664 3185 734 3244 lolia
743 3183 843 3244 omnia
855 3179 925 3245 libri
938 3197 1008 3244 nota
1021 3180 1197 3252 catenulam:
1208 3199 1305 3246 autem
1315 3187 1418 3246 lolium
1429 3207 1534 3265 reapse

420 3284 490 3328 nota
510 3271 580 3329 libri
592 3269 779 3328 destituitur.
798 3263 886 3326 Adde
898 3269 978 3346 quad
989 3259 1179 3327 tertiusliber
1189 3265 1309 3328 uidetur
1320 3271 1424 3332 exalia
1435 3291 1535 3332 exem·

420 3353 499 3431 plari
511 3355 548 3412 ab
566 3353 669 3411 eodem
679 3369 851 3410 amanuense
863 3345 1027 3429 descriptus
1038 3378 1046 3422 ;
1065 3349 1161 3410 uariat
1172 3353 1248 3410 enim
1263 3353 1416 3414 interdurn
1425 3355 1534 3416 orthe-

422 3437 550 3514 graphia
560 3436 596 3494 ab
607 3435 660 3492 illa
668 3429 813 3493 librorum
822 3431 970 3512 priorum,
984 3432 1064 3512 cuius
1078 3432 1121 3494 rei
1131 3431 1296 3514 exemplum
1306 3435 1363 3498 hoc
1373 3437 1480 3518 ipsoiu
1490 3439 1536 3497 lo-

423 3517 465 3576 lio
477 3517 619 3588 uidimus,
630 3536 735 3594 nempe
744 3538 812 3595 qum
824 3537 879 3594 pro
888 3539 953 3576 cum
964 3559 970 3572 .
983 3521 1059 3576 Latis
1076 3535 1190 3594 quoque
1207 3519 1260 3577 illa
1278 3519 1442 3600 Scipionis,
1457 3527 1534 3584 Lac·

421 3600 502 3680 litet
519 3598 578 3662 Pili'
593 3597 733 3660 scribitur
751 3593 897 3658 rectiasin
909 3595 989 3660 tertii
999 3600 1069 3676 libri
1085 3581 1278 3679 prohoeinio,
1293 3603 1371 3665 notis
1388 3605 1447 3666 ianr
1464 3606 1536 3666 dia·

422 3681 486 3760 logi
497 3679 644 3762 personis,
657 3701 743 3762 quarn
755 3680 785 3740 in
797 3683 893 3760 operis
907 3679 1030 3764 ¹exordio
1040 3728 1049 3756 ‚
1059 3679 1191 3746 nondum
1202 3683 1344 3764 cognitis.
1363 3691 1402 3750 Et
1411 3690 1533 3770 quidem

422 3763 454 3826 hi
473 3767 699 3852 trespraecipue
712 3762 797 3824 tertio
806 3767 924 3828 inlibro
935 3766 1086 3848 disputant
1097 3808 1104 3822 .
1116 3763 1251 3848 Denique
1265 3769 1324 3833 bea
1334 3773 1442 3834 folium
1451 3763 1536 3834 bauli

471 3887 525 3986 (i)
551 3893 678 3964 Contra
703 3887 776 3963 Cio.
807 3891 852 3982 ad
880 3886 955 3959 Atta
998 3889 1128 3960 inuicta
1141 3891 1199 3963 nel
1207 3907 1316 3969 araris
1329 3953 1336 3968 .
1350 3903 1449 3972 Curii
1460 3901 1535 3972 sor·

420 3984 469 4053 Π,
492 3991 524 4057 5.
1000 3985 1110 4052 titudo
1122 3988 1365 4062 etabatinentia
1378 3997 1456 4064 satis
1467 4019 1537 4064 no·

421 4103 428 4115 ’
471 4075 524 4171 (a)
549 4075 696 4149 Videtur
724 4104 743 4144 e
769 4070 953 4165 deperditis
1001 4089 1054 4142 tae
1066 4093 1167 4144 sunt.
1189 4083 1315 4152 Confer
1326 4085 1446 4155 saltem
1458 4090 1532 4159 Cic.

420 4169 524 4236 Ennii
554 4171 730 4238 uersibus.
751 4169 837 4237 Sane
861 4166 954 4232 huno
1002 4169 1044 4236 de
1062 4193 1131 4234 sen.
1147 4191 1235 4241 xm.
1264 4171 1356 4263 Quin
1374 4181 1459 4248 adeo
1478 4181 1534 4250 le-

416 4259 508 4333 ,atim
532 4283 669 4330 uersum
686 4256 821 4348 legebat
839 4259 956 4325 imita·-
1002 4257 1132 4352 gandras
1156 4271 1324 4337 autetiam
1353 4271 1535 4343 Saluianus

421 4351 591 4444 baturque
602 4351 810 4422 Claudianus
818 4345 956 4441 belgas.
1005 4353 1048 4418 de
1062 4347 1150 4420 G.D.
1164 4352 1230 4436 lm,
1242 4364 1302 4450 qui
1315 4387 1383 4432 non
1392 4362 1503 4434 aliena
1515 4391 1537 4436 ι

431 4444 507 4510 131:
522 4463 667 4539 pectora
691 4445 847 4541 Fabricii
856 4441 962 4518 donis
1001 4441 1130 4526 'Tuum
1142 4447 1288 4530 berilli·
