3276 5660
431 483 523 588 'ara

425 654 513 704 uem
525 625 577 702 rei
591 619 762 730 publicae
780 615 1032 695 definitionem
1044 623 1091 694 (a)
1106 671 1118 715 ‚
1142 616 1463 723 qaa'dixerateam
1477 648 1540 700 es-

429 777 467 825 se
490 775 568 830 rem
585 745 743 850 populi:
758 740 946 848 poptdum
969 754 1093 815 autem
1114 765 1190 815 non
1215 767 1366 818 omnem
1384 759 1538 819 coetum

423 869 700 966 multitudinis‚
725 863 790 942 sed
809 878 957 940 coctum
984 865 1074 939 iuris
1102 888 1282 940 consensu
1304 883 1342 941 et
1367 865 1541 944 utilitatis

334 1004 339 1024 '
425 998 690 1076 communione
707 992 892 1068 sociatum
909 1012 986 1064 esse
1004 989 1248 1065 determinat.
1267 993 1390 1068 Docet
1405 992 1537 1068 deinde

424 1135 559 1222 quamn
585 1116 633 1191 sit
658 1117 697 1188 in
722 1109 948 1214 disputando
979 1109 1196 1198 delinitionis
1223 1115 1363 1190 utilitas
1390 1147 1401 1186 ι
1429 1130 1537 1216 atque

1630 479 1636 594 l

425 1269 473 1318 ex
488 1239 566 1315 illis
588 1229 663 1316 suis
680 1235 955 1312 definitionibus
979 1234 1144 1334 colligit,
1170 1251 1260 1312 tunc
1281 1264 1360 1314 esse
1375 1263 1456 1314 rem
1470 1267 1541 1344 pu·
1629 1307 1631 1338 γ

427 1365 597 1462 blicam,
625 1361 744 1436 idest
767 1385 846 1434 rem
868 1360 1003 1464 populi
1017 1381 1039 1457 ‚·
1059 1383 1146 1435 cum
1168 1361 1260 1438 bene
1288 1389 1332 1442 ac
1357 1364 1452 1439 iuste
1481 1389 1542 1466 gc-

426 1475 549 1584 ritur‚
578 1487 654 1562 siue
675 1483 724 1560 ab
747 1507 822 1557 uno
846 1509 953 1581 rego,
982 1483 1059 1570 siue
1076 1511 1098 1557 a
1117 1487 1248 1587 paucis
1261 1486 1542 1589 optimatibus,

426 1613 504 1686 siue
521 1609 568 1684 ab
586 1607 755 1682 uniuerso
771 1601 939 1707 populo.
969 1602 1066 1678 Cum
1087 1631 1175 1682 uero
1194 1606 1353 1683 iniustus
1374 1621 1431 1682 est
1448 1635 1543 1706 rex,
1626 1582 1629 1613 Ι

424 1759 537 1836 quem
559 1745 778 1833 tyrannum,
796 1751 901 1800 moro
923 1750 1078 1824 graeco,
1095 1725 1322 1830 appellauit;
1340 1742 1402 1804 aut
1411 1725 1544 1804 iniusti
1625 1774 1628 1797 .

424 1857 624 1960 optimates
639 1909 651 1951 ‚
665 1875 825 1956 quorum
853 1874 1074 1924 consensum
1092 1848 1188 1924 dixit
1203 1875 1282 1928 esse
1309 1851 1511 1928 factionem
1529 1869 1543 1947 ς

424 1994 489 2054 aut
512 1981 669 2054 iniustus
693 1975 773 2075 ipse
797 1969 992 2074 populus,
1023 1972 1083 2045 cui
1107 1995 1244 2046 nomen
1267 1973 1445 2052 usitatum
1466 1999 1544 2050 non

425 2105 589 2204 reperit,
617 2099 690 2174 nisi
706 2111 748 2172 ut
762 2097 877 2170 etiam
900 2096 1027 2196 ipsum
1052 2110 1251 2196 tyrannum
1269 2113 1447 2194 uocaret3
1466 2123 1545 2176 non
1623 2118 1628 2197 g

422 2228 501 2304 iam
526 2213 732 2316 ui'tiosam‚
763 2219 859 2294 sicut
876 2218 996 2323 pridie
1023 2217 1141 2293 fuerat
1158 2218 1420 2322 disputatum,
1451 2223 1543 2321 sed,

424 2353 524 2428 sicut
538 2349 636 2450 ratio
655 2375 702 2426 cx
719 2342 793 2420 illis
810 2340 1087 2424 definitionibus
1105 2367 1247 2422 conexa
1258 2345 1302 2420 (b)
1319 2345 1515 2424 docuisset
1533 2403 1545 2445 ,
1623 2344 1627 2357 ’

426 2476 581 2552 omnino
598 2469 741 2548 nullam
757 2493 834 2542 esse
850 2491 927 2546 rem
951 2464 1170 2567 publicam=
1198 2469 1377 2570 quoniam
1392 2494 1472 2544 nou
1488 2497 1545 2546 es
1621 2484 1627 2559 t

426 2608 482 2680 set
506 2621 563 2670 uas
590 2589 752 2699 popidi,
780 2605 869 2664 'cum
897 2601 1073 2687 tyrannus
1099 2613 1182 2664 eam
1210 2589 1373 2665 factione
1398 2593 1439 2662 (τ)
1466 2617 1538 2667 ca-

423 2721 614 2826 pesseret3
642 2737 711 2788 nco
732 2713 811 2814 ipso
832 2709 997 2813 populus
1023 2713 1100 2787 iam
1121 2711 1284 2814 populus
1307 2727 1404 2788 esset
1430 2716 1462 2788 si
1484 2743 1541 2791 os-

418 2859 474 2918 set
493 2843 651 2916 iniustus
668 2893 680 2934 ‚
709 2835 887 2939 quoniam
909 2860 985 2910 non
1002 2849 1098 2910 esset
1113 2827 1344 2912 multitudo
1332 2838 1425 2913 auris
1442 2863 1537 2913 con·

424 2987 544 3039 seusa
550 2976 589 3036 et
601 2953 780 3034 utilitatis
803 2957 1070 3033 communione
1092 2955 1266 3056 sociata,
1295 2960 1394 3034 sieut
1415 2981 1539 3062 popu

417 3081 477 3159 lus
489 3083 613 3160 iuerat
629 3079 829 3160 definitus
912 3116 915 3124 ·
963 3115 966 3124 ·

469 3291 515 3358 (a)
550 3281 624 3345 Cod
638 3247 1053 3376 unusautthqdrffim'tiortetm
1077 3243 1358 3358 alterantiqiriorr.
1371 3283 1540 3362 maundgs,

426 3359 527 3452 {diff
540 3369 586 3426 lta
604 3367 720 3429 uariant
738 3363 826 3424 etiam
843 3361 984 3420 inferius.
1009 3365 1055 3436 (b)
1076 3363 1122 3419 lta
1137 3363 1289 3438 antiquior
1305 3367 1370 3425 cod.
1364 3387 1539 3446 .npronn·

423 3473 503 3530 quae
516 3463 559 3508 est
570 3449 649 3508 bona
665 3445 831 3523 scripturo,
850 3457 880 3503 ct
896 3445 962 3508 aliis
981 3444 1123 3526 exemplis
1141 3443 1330 3514 confirmata
1355 3457 1396 3528 (c)
1420 3451 1547 3530 Eddp

425 3535 505 3598 codd
508 3537 655 3616 suctione
670 3527 824 3591 mendose.
943 3578 946 3586 .
