3286 5658
431 477 526 576 dri
763 497 827 575 nt
851 493 919 576 na
953 485 1185 581 erraret

425 651 497 702 una
516 621 882 728 peremptos-'ultimo
902 629 994 704 esset
1018 625 1384 730 hdnorandueig'ne,
1414 629 1550 708 enbito'

426 773 490 824 seu
516 761 663 848 recepta
685 748 810 824 anima
830 755 879 820 (¹)
898 776 960 844 sep
986 763 1153 846 retenta,
1183 748 1366 852 qtaidquid
1388 751 1546 826 emensis

425 867 523 968 inter
553 882 749 970 utramque
762 872 879 944 uitam
904 871 1034 947 diebm
1059 885 1179 970 egeant
1206 871 1424 968 uide'r'atiue-‚
1443 887 1545 946 tam-

429 1011 542 1089 quam
568 988 764 1090 publicum
781 993 965 1092 professus
997 993 1204 1088 iudicium,
1233 992 1395 1068 humano
1427 993 1547 1091 generi

423 1114 649 1188 enuntiauit.
677 1116 783 1191 Hanc
810 1115 976 1190 fabulam
1004 1119 1136 1194 Cicero
1164 1117 1253 1192 licet
1276 1117 1331 1191 ab·
1348 1116 1541 1212 indoctis,

424 1235 526 1336 quasi
542 1236 620 1336 ipse
635 1239 917 1336 unicornuus,
933 1239 1058 1315 doleat
1077 1240 1223 1316 irrisam
1242 1247 1310 1332 (α),
1330 1241 1547 1342 exemplum

426 1361 556 1434 tamen.
574 1361 731 1438 stolidae
755 1360 1045 1464 reprehensionis
1064 1366 1208 1460 uitalis,
1237 1365 1391 1442 excitari
1418 1389 1549 1438 narra·

428 1491 552 1557 turum
570 1532 586 1579 ‚·
605 1487 958 1586 quamreuiuiscere
983 1489 1141 1564 maluit.
1166 1491 1444 1566 [demididem
1464 1543 1476 1562 .
1543 1531 1548 1542 ι

437 1643 440 1652 ·
530 1607 622 1680 VII.
650 1610 708 1684 Ac
724 1610 829 1710 prius
849 1637 963 1712 quam
989 1613 1125 1688 somnii
1153 1610 1265 1688 uerba
1286 1612 1549 1708 consulamus,

428 1721 665 1802 enodandum
690 1729 798 1808 nohis
825 1744 907 1825 est,
935 1759 957 1804 a
984 1757 1057 1833 quo
1079 1757 1216 1830 genere
1233 1730 1430 1806 hominurn
1462 1731 1552 1814 Tul·

426 1845 498 1922 lius
526 1865 708 1927 memoret
736 1851 795 1928 uel
822 1855 964 1930 irrisam
999 1856 1165 1944 Platonis
1195 1855 1359 1932 fabulam
1374 1913 1396 1952 ,.
1420 1858 1484 1934 uel
1509 1887 1553 1934 ne

366 1999 370 2006 ·
427 1966 771 2080 eibiidemeucniat
782 1977 861 2048 'non
879 1977 994 2052 uereri
1012 2033 1022 2049 .
1048 1977 1127 2052 Nec
1144 1979 1243 2054 enim
1259 1977 1316 2051 his
1333 1978 1456 2054 uerbis
1472 1981 1553 2054 uult

429 2087 801 2196 imperitumuidgus
828 2097 1014 2197 intellegi,
1032 2098 1098 2174 sed
1115 2125 1226 2199 genus
1251 2099 1459 2177 hominum.
1478 2104 1554 2178 ueri

429 2212 618 2312 ignarum,
632 2217 700 2292 sub
717 2221 870 2320 peritiae
885 2225 1128 2300 ostentatione
1140 2223 1430 2324 philosophum:
1446 2227 1556 2326 quip-

431 2364 480 2438 pe
499 2365 593 2441 quos
608 2359 646 2419 et
656 2345 786 2446 legisse
805 2346 891 2421 talia
905 2403 916 2444 ,
936 2363 973 2423 et
989 2347 1036 2423 ad
1051 2346 1555 2449 reprehendendumanima·

434 2469 492 2533 tos
517 2477 702 2540 constaret
730 2469 803 2538 (α).
831 2467 1009 2540 Dicemus
1032 2467 1201 2564 igitun'ot
1224 2492 1317 2568 quos
1336 2467 1380 2542 'in
1409 2481 1556 2544 tannim

432 2580 704 2689 philosophum
723 2589 856 2669 referat
875 2588 1064 2690 quandam
1090 2615 1263 2676 censurae
1281 2579 1556 2667 exercuissele·

473 2827 519 2894 (a)
543 2819 620 2881 Hinc
636 2819 721 2882 uides
731 2867 740 2894 ,
758 2819 931 2882 Ciceronem
946 2817 1006 2882 hoc
1022 2819 1104 2882 lilrro
1123 2819 1162 2881 de
1185 2819 1287 2880 fabula
1304 2818 1459 2899 platonica
1478 2841 1555 2899 pau·

428 2899 524 2980 lisper
533 2904 706 2964 disseruisse
715 2951 724 2978 ‚
737 2923 861 2984 eamque
871 2907 908 2964 ab
929 2905 1102 2964 irrisoribus
1120 2905 1309 2964 defendisse.
1320 2905 1554 2964 Certeomniuna

432 2987 607 3056 grauissima
632 3002 677 3046 eet
703 2989 834 3048 inuectio
857 2989 992 3067 Dionysii
1011 2988 1104 3050 italic.
1126 2990 1165 3048 ll.
1187 2987 1226 3048 68
1243 2999 1347 3046 contra
1374 2987 1502 3057 athone,
1526 3001 1557 3044 ut

431 3065 496 3142 ipse
507 3069 646 3148 loquitur
656 3113 665 3141 ,
676 3073 896 3152 ‚philosophiae
913 3073 1054 3142 asseclas,
1067 3072 1118 3148 qui
1129 3070 1274 3148 prodigia,
1284 3070 1388 3138 'oannis
1397 3071 1553 3138 Numinis·

432 3169 490 3228 que
506 3155 539 3213 iu
555 3155 643 3215 rebus
659 3156 798 3217 humanis
816 3157 1018 3216 interuentuna
1033 3153 1171 3216 ludibrio
1189 3152 1326 3220 habent·

432 3345 668 3436 disputatione·
690 3346 834 3414 Procius
865 3363 900 3414 et
918 3349 971 3414 eui
1009 3341 1554 3416 ·lacunamMorusediact.xx.ro.

431 3437 536 3528 ipsine
555 3456 589 3506 et
607 3441 793 3508 Zoroastris
810 3441 851 3506 de
870 3457 973 3506 natu·
1067 3437 1121 3530 (u)
1147 3436 1313 3504 Fabulam
1327 3453 1452 3504 tuetur
1471 3461 1555 3504 con·
1629 3479 1630 3484 κ

429 3533 469 3594 ‘ra
482 3527 608 3597 libros:
622 3533 703 3596 item
715 3548 869 3598 auctores
884 3533 972 3600 Cro·-
1018 3547 1071 3597 tra
1090 3527 1247 3598 Colorem
1265 3527 1422 3608 Procles,
1434 3528 1554 3595 simul-

430 3622 530 3688 nium
569 3639 603 3688 et
642 3622 867 3710 Theodorum
901 3622 973 3689 asi·
1013 3615 1451 3714 quedocetqnoteiloeo
1469 3619 1556 3686 illu-

433 3733 558 3780 naenm
572 3763 581 3780 .
1018 3713 1155 3781 strando
1175 3711 1268 3781 dn'cti
1281 3710 1441 3802 platonici
1455 3735 1555 3778 curas

429 3801 434 3812 '
456 3803 535 3900 (ι)
560 3803 704 3890 Animae
722 3830 742 3872 a
760 3829 901 3898 corpore
919 3829 971 3873 re·
1017 3802 1266 3898 impenderint,
1287 3827 1407 3894 nempe
1424 3805 1556 3870 Nume-

433 3891 563 3966 cdssum
581 3901 623 3980 ad
643 3917 771 3990 tempus
784 3902 969 3968 admittunt
1010 3899 1092 3965 nine
1105 3943 1115 3978 ‚
1127 3888 1291 3976 dininas,
1307 3895 1424 3979 Gaius,
1446 3895 1555 3964 Maxi·

429 3993 523 4083 'apud
550 3989 714 4059 Proelum
745 3991 827 4060 libri
854 4015 969 4058 sacer·
1008 3987 1554 4078 'muenicaenus‚·llarpoeration‚

427 4081 563 4151 'dotales
577 4082 599 4167 ‚⁹
619 4107 721 4176 quam
738 4109 800 4153 nos
832 4083 968 4151 extasim
1008 4081 1203 4162 ¹Euclides,
1233 4099 1268 4146 et
1290 4080 1438 4172 denique
1469 4083 1556 4148 Por·

428 4171 638 4244 'diceremus
646 4173 756 4244 'Pueri
765 4173 970 4265 exemplum,
1007 4174 1161 4267 phyrius
1179 4195 1261 4267 prae
1282 4173 1467 4254 omnibus,
1495 4172 1555 4264 quei

434 4269 534 4335 cuius
551 4269 659 4336 anima
676 4271 773 4362 uirga
791 4263 972 4353 ψυχουλκᾷ
1019 4264 1143 4334 Proclo
1161 4265 1299 4332 uidetur
1314 4264 1510 4333 abditorum
1521 4265 1556 4328 in

427 4361 645 4429 'educebatur
666 4381 829 4452 corpore,
856 4359 975 4426 scribit
1010 4355 1136 4424 -rabula
1166 4377 1327 4425 sensnum
1354 4359 1554 4452 praecipuus

308 4451 312 4460 '
427 4449 678 4547 'imperfectum'
695 4449 980 4548 propter'codieie
1008 4446 1216 4549 ‘interPfflr
