3314 5658
410 553 514 614 xlllt

405 670 534 763 'loquar
550 677 623 767 ipse
642 685 775 750 tecum:
805 689 841 743 et
856 687 973 742 tumen
991 697 1078 768 quae
1096 677 1312 746 institueram
1333 672 1389 744 ud
1401 691 1435 744 te
1454 719 1465 758 ,
1493 677 1527 746 a·

411 777 561 848 Romam
574 806 699 852 venero
710 827 720 862 ,
733 786 888 851 mittam.
911 783 1001 868 Quid
1018 799 1068 852 est
1079 785 1171 850 enim
1182 786 1305 878 loquar
1322 802 1432 856 tecum
1442 829 1451 864 ,
1463 781 1526 850 uisi

410 888 465 960 vel
485 893 520 957 in
542 890 740 983 prohoemio
763 887 818 960 vel
836 892 872 958 in
891 888 1025 986 dialogo
1045 895 1124 960 cum
1149 895 1276 980 Quinto
1295 889 1420 984 loqui?
1438 893 1526 961 Nam

406 1011 525 1068 'coram
543 1016 632 1067 certe
650 1021 719 1068 uou
736 1015 891 1090 poterat,
910 1001 989 1090 quia
1019 1017 1170 1091 tempore
1188 996 1250 1066 illo
1271 999 1418 1086 Quintus
1437 1023 1522 1068 ver·

410 1106 546 1174 sabatur
557 1111 593 1176 in
605 1109 775 1177 Britannia
789 1132 870 1178 cum
886 1111 939 1181 ·C·
953 1111 1094 1180 Caesare
1109 1160 1117 1177 .
1136 1107 1290 1200 Atquiin
1301 1106 1436 1201 dialogo
1454 1132 1526 1179 non

396 1233 458 1285 *est
478 1218 645 1315 Quintum
662 1214 832 1284 allocutus
854 1239 866 1293 t
897 1237 978 1310 ergo
997 1215 1033 1284 in
1050 1215 1248 1308 prohoemio
1267 1243 1277 1282 a
1301 1217 1366 1284 nisi
1383 1215 1469 1283 forte
1487 1214 1526 1282 id

320 1335 325 1344 '
410 1329 548 1420 quidem
564 1328 673 1402 facere
692 1328 850 1422 cogitarit
868 1330 989 1399 Cicero
1002 1374 1012 1410 ,
1026 1329 1084 1398 sed
1097 1329 1219 1397 deiude
1232 1327 1429 1397 seutentiam
1443 1347 1525 1392 mu-

408 1441 511 1508 tavit.
528 1443 620 1507 Tum
639 1456 673 1506 et
690 1435 818 1506 locutio
835 1463 922 1530 qaue
940 1441 1155 1507 institueram
1172 1435 1223 1507 ad
1239 1455 1273 1505 te
1291 1435 1526 1520 mittum,th

408 1549 548 1638 quidem
573 1545 650 1614 loco
680 1547 816 1614 ridetur
846 1542 1063 1638 hatelligeuda
1081 1546 1122 1612 de
1142 1543 1310 1614 volumine
1329 1546 1365 1612 in
1383 1546 1525 1614 Britan-

322 1697 326 1705 -
406 1658 498 1723 niam
521 1658 564 1723 ad
578 1656 745 1740 Quintum
768 1653 1048 1736 transmittendo;
1073 1669 1224 1721 ceterum
1253 1653 1359 1723 alicui
1387 1660 1525 1724 mittere

408 1771 533 1838 librum
551 1766 715 1862 significat
732 1767 904 1834 interdum
922 1765 1013 1858 apud
1025 1767 1163 1834 Latinos
1182 1767 1273 1857 quod
1293 1791 1410 1860 graece
1427 1791 1528 1860 apuu·

410 1875 604 1958 uaruicum,
624 1892 663 1942 ut
682 1875 782 1944 Varr.
803 1873 968 1940 LL.1V.1
987 1917 998 1955 ,
1018 1887 1052 1940 et
1063 1873 1182 1965 digest.
1193 1893 1321 1942 xxvtt.
1346 1897 1393 1941 Μ
1411 1899 1421 1938 s
1438 1875 1527 1940 sicu·

407 1983 431 2050 ti
454 1985 545 2074 apud
558 1983 772 2051 Lactantium
784 1981 861 2048 inst.
873 1978 1004 2066 trud,
1029 1980 1116 2047 etde
1136 2002 1190 2070 op.
1210 1981 1253 2047 D;
1274 1981 1301 2047 Ι.
1320 1980 1409 2047 idem
1426 1995 1525 2047 tonat

402 2093 531 2162 ‘lt'brum
555 2093 707 2161 scribere
730 2089 781 2158 ud
803 2089 951 2182 aliquem
973 2139 981 2155 .
1018 2089 1179 2178 Superest
1213 2089 1401 2158 ridendum
1435 2109 1523 2156 num

408 2201 554 2287 Quintus
578 2194 852 2266 adulescentulus
873 2220 952 2263 cum
968 2196 1087 2263 Marco
1112 2195 1276 2288 Smyrnae
1295 2194 1427 2262 suerit.
1453 2196 1525 2263 Co·

406 2307 523 2374 mitem
544 2304 645 2372 luisse
666 2303 784 2371 Marco
811 2304 978 2389 Quintum
1001 2302 1038 2370 iu
1056 2299 1118 2369 illo
1131 2303 1250 2369 itinere
1268 2299 1434 2384 iuvenili,
1453 2300 1524 2370 sal·

405 2428 475 2478 tem
492 2407 641 2476 Athenas
653 2431 784 2500 usque,
802 2395 893 2499 patet
910 2409 1047 2476 omnino
1065 2433 1084 2477 e
1101 2406 1299 2500 prohoemio
1317 2404 1399 2474 lihri
1411 2424 1524 2477 extre-

321 2597 327 2610 ·
403 2517 451 2584 mi
464 2519 507 2585 de
519 2517 663 2599 finibus,
683 2517 743 2584 uhi
755 2519 891 2586 Marcus
903 2532 1041 2598 narrat,
1060 2539 1094 2584 se
1107 2511 1257 2608 quodam
1274 2516 1329 2584 die
1342 2534 1525 2608 postquam

404 2620 546 2693 Athenis
565 2624 748 2692 audivisset
764 2621 974 2692 Antiochum
993 2619 1007 2717 (
1026 2643 1129 2714 quem
1149 2646 1204 2690 sex
1221 2645 1349 2691 menses
1368 2625 1524 2692 audiris-

403 2754 440 2798 se
458 2727 518 2798 illa
536 2731 572 2798 in
590 2729 675 2799 urhe
693 2731 777 2800 dum
796 2729 1063 2825 peregrinaretur
1087 2729 1264 2800 confirmat
1284 2731 1405 2801 Cicero
1424 2731 1523 2800 Brut.

402 2857 468 2911 xct
494 2840 508 2933 )
528 2837 702 2935 dialogum
719 2841 900 2909 instituisse
920 2863 999 2908 cum
1018 2839 1216 2929 ·Q·iratre,
1239 2845 1294 2910 ·T·
1306 2841 1522 2932 Pomponio,

320 3027 322 3032 Ι
403 2947 513 3014 Lucio
537 2946 702 3018 Cicerone
720 2946 902 3038 patruele,
928 2965 962 3018 et
993 2948 1053 3016 ·M·
1074 2947 1217 3016 Pisone.
1245 2948 1392 3034 Quidni
1420 2948 1523 3040 igitur

405 3051 574 3152 Quintum
597 3055 634 3120 iu
657 3051 772 3121 Asiam
791 3076 927 3146 quoque
951 3053 1149 3124 comitatum
1173 3079 1242 3124 esse
1260 3054 1356 3124 fiatri
1375 3055 1524 3122 arbitre-

401 3183 481 3228 mur
497 3171 516 3235 t.
533 3159 629 3230 illud
652 3163 755 3232 etiam
777 3165 814 3231 in
832 3165 1030 3232 memoriam
1052 3185 1274 3248 revocemus,
1292 3164 1449 3231 Marcum
1473 3158 1524 3226 li-

400 3267 481 3332 hros
501 3268 693 3345 orator-ios,
712 3285 797 3354 quos
816 3287 904 3330 anno
923 3288 999 3331 aute
1018 3269 1177 3354 politicos
1195 3272 1329 3356 scripsit
1348 3273 1428 3356 ,·Q·
1447 3267 1523 3336 ira·-

402 3375 447 3442 tri
459 3371 584 3436 misisse
596 3389 684 3458 quae
700 3391 753 3434 res
765 3371 836 3434 utri
853 3368 961 3436 saveat
979 3373 1186 3452 sententiae,
1208 3387 1277 3440 nou
1295 3372 1445 3443 'definior
1464 3401 1523 3443 es·

400 3493 453 3546 set
474 3475 565 3543 enim
583 3471 714 3564 pietatis
731 3475 893 3542 maximae
912 3474 1099 3558 indicium,
1117 3478 1239 3546 binum
1268 3500 1352 3570 opus
1369 3482 1521 3573 tantique

400 3580 502 3674 pretii
519 3581 563 3646 ad
580 3577 720 3646 hanam
730 3578 881 3658 misissea
900 3596 934 3648 et
952 3597 1065 3648 tamen
1083 3577 1238 3650 Atticum
1256 3608 1388 3656 summo
1406 3610 1521 3657 amore

403 3692 601 3759 devinctum
611 3713 681 3758 nou
692 3687 812 3760 saltem
825 3694 973 3763 secando
984 3715 1124 3764 munere
1135 3696 1364 3782 adsecuturi:
1374 3697 1520 3770 credibi-

403 3795 437 3866 le
455 3798 612 3866 videtur.
638 3799 794 3889 Denique
821 3797 905 3868 levis
933 3801 1018 3871 mihi
1036 3821 1070 3871 et
1087 3803 1142 3872 rix
1159 3805 1345 3896 probabilis
1374 3807 1521 3900 suspicio

402 3901 524 3968 incidit
542 3947 553 3984 ‚
578 3900 684 3969 lihros
702 3901 815 3972 Tullii
841 3904 997 3998 politicos
1014 3931 1125 4002 neque
1143 3908 1258 3982 Attico
1274 3939 1385 4008 neque
1405 3917 1520 4002 Quin'-

405 4027 462 4094 to,
488 4010 547 4078 sed
564 4011 713 4080 Varroni
730 4011 832 4082 fuisse
850 4015 1026 4108 inscriptos
1045 4067 1056 4104 ‚
1081 4021 1142 4112 qui
1160 4019 1225 4089 tuit
1248 4023 1410 4092 decennio
1440 4045 1518 4090 mu-

304 4135 318 4154 *
404 4119 458 4186 ior
475 4116 596 4187 Tullio
618 4117 671 4214 (t)
693 4169 702 4189 .
726 4122 882 4213 Namque
900 4125 936 4194 in
954 4143 1101 4195 mentem
1112 4131 1239 4198 venisse
1254 4134 1411 4202 Ciceroni
1424 4136 1519 4202 Var-

402 4245 522 4291 ronem
540 4225 731 4317 appellandi
748 4227 945 4318 prohoemio
958 4229 1074 4322 aliquo
1092 4231 1261 4304 librorum
1278 4240 1321 4307 de
1339 4265 1411 4329 rep.
1425 4245 1519 4310 testis

406 4329 477 4417 ipse
490 4347 540 4397 cst
559 4327 634 4422 (a)=
660 4333 799 4420 Varro,
816 4338 862 4407 de
880 4361 946 4434 quo
965 4339 1017 4412 ad
1033 4365 1088 4410 me
1105 4346 1250 4430 sentis,
1268 4349 1462 4420 includetur
1477 4356 1518 4421 iu

451 4513 501 4588 (ι)
520 4511 690 4594 Hieronym.
717 4515 820 4577 claron
1032 4531 1080 4602 (a)
1103 4527 1153 4592 Ad
1166 4527 1229 4594 Att.
1241 4551 1285 4593 rr.
1304 4535 1350 4594 ι6.
