3286 5658
464 456 844 575 snrrinnvn
1111 461 1224 582 ·3¹7

110 609 279 710 agnoui,
310 609 482 714 equidem
513 612 689 688 cohorrui
714 617 784 685 (1)=
817 601 881 702 sed
908 605 994 702 ille,
1027 605 1139 699 ades,
1170 605 1232 676 in·-

111 736 196 832 quit
214 741 285 831 (²),
315 738 465 832 animo,
487 750 525 810 et
546 737 678 810 omitte
695 735 897 829 timorem,
918 731 1070 834 Scipio,
1090 745 1127 805 et
1146 751 1238 832 quae

76 947 80 953 Ι
112 855 273 956 dicam¹¹
304 860 405 934 trade
423 861 650 934 memoriae.

157 1041 161 1048 .
223 981 295 1056 xl.
324 979 488 1054 Uidesne
508 980 612 1060 illam
640 981 799 1074 urbem,
831 1007 922 1080 quae
941 1003 1068 1080 parere
1083 973 1236 1076 populo

109 1123 273 1174 romano
307 1111 436 1176 coacta
462 1125 529 1204 per
552 1127 638 1194 me,
667 1113 826 1176 renouat·
840 1099 995 1200 pristina
1015 1095 1137 1187 bella,
1170 1111 1239 1164 nec

107 1235 242 1321 potest
258 1215 486 1321 quiescere?
503 1217 519 1318 (
536 1220 752 1296 ostendebat
782 1233 903 1292 autem
933 1219 1170 1316 Kartaginem
1192 1211 1238 1288 de

107 1340 262 1418 excelso
280 1355 293 1437 3
314 1357 352 1418 et
374 1343 486 1444 pleno
513 1341 732 1434 stellarum,
761 1339 936 1434 inlustri,
959 1351 997 1412 et
1013 1336 1113 1410 claro
1145 1359 1240 1435 quo-

111 1461 204 1543 dam
235 1461 353 1563 loco)
382 1463 429 1538 ad
465 1491 578 1566 quam
613 1477 653 1538 tu
685 1459 971 1562 oppuguandam
1005 1441 1102 1532 nunc
1134 1453 1235 1530 uenis

110 1611 231 1685 paene
248 1579 385 1662 miles?
407 1585 505 1660 hano
530 1586 607 1660 hoo
632 1584 779 1661 hiennio
799 1582 929 1659 consul
945 1595 1113 1688 euertes„
1150 1577 1238 1652 crit·

112 1737 189 1810 que
219 1734 428 1806 cognomen
456 1711 499 1784 id
526 1711 595 1786 tibi
613 1737 678 1811 per
694 1725 731 1784 te
749 1725 898 1812 partum
916 1705 1018 1810 quod
1034 1691 1146 1780 habes
1167 1703 1240 1776 ad-

112 1833 191 1906 huc
218 1861 239 1904 a
257 1833 365 1914 nobis
384 1834 673 1914 hereditarium.
703 1835 799 1908 Cum
820 1847 943 1906 autem
972 1825 1237 1926 Karthaginem

113 1953 322 2052 octenario,
352 1958 582 2058 triumphum
619 1958 763 2056 egeris,
790 1977 992 2056 censorque
1024 1951 1161 2045 rueris,
1204 1962 1242 2023 et

115 2074 254 2150 obieris
280 2075 416 2176 legatus
446 2080 687 2180 Aegyptum,
729 2077 900 2178 Syriam,
933 2076 1094 2168 Asiam,
1126 2074 1241 2158 Grae-
1327 2119 1330 2127 ,

114 2197 214 2272 ciam
233 2199 306 2292 (a),
328 2197 482 2298 deligere
497 2201 632 2274 iterum
649 2223 727 2272 cos.
747 2198 875 2272 absens
895 2253 907 2292 ‚
928 2193 1139 2294 bellumque
1156 2217 1239 2264 ma-

111 2320 263 2394 ximum
295 2322 499 2417 conficies,
529 2320 769 2394 Numantiam
802 2318 1024 2393 exscindes.
1059 2314 1130 2388 Sed
1152 2335 1240 2387 cum

113 2441 185 2514 eris
216 2466 327 2518 curru
353 2443 578 2544 Capitolium
598 2445 797 2536 inuectus,
827 2437 988 2514 offendes
1016 2461 1095 2512 rem
1115 2431 1240 2538 publi·

115 2583 202 2644 cam
220 2559 474 2660 perturbatam
493 2559 655 2634 consiliis
670 2560 815 2658 nepotis
836 2559 911 2634 mei
930 2612 940 2630 .

193 2679 288 2754 XII.
313 2677 384 2753 Hic
400 2695 461 2776 tu,
486 2679 684 2774 Africano,
707 2675 878 2753 ostendas
894 2677 1084 2779 oportebit
1101 2677 1243 2778 patriae

115 2803 246 2896 lumen
262 2803 402 2898 animi,
421 2805 585 2902 ingenii,
604 2781 824 2905 consiliique
841 2801 895 2874 tui
916 2857 926 2874 .
960 2800 1032 2873 Sed
1048 2801 1124 2876 eius
1141 2814 1240 2872 tem·
1287 2815 1288 2821 ’

119 2925 228 3024 poris
247 2923 449 3022 ancipitem
473 2923 582 2996 uideo
601 2924 705 3022 quasi
722 2923 882 2996 satorum
900 2921 1000 2994 uiam
1016 2976 1026 2992 .
1042 2921 1139 2998 Nam
1154 2945 1243 2994 cum

118 3061 218 3120 aetas
240 3059 301 3117 tun
329 3058 498 3146 septenos
527 3045 667 3137 octiens
698 3041 785 3119 solis
815 3045 1001 3118 anfractus
1031 3043 1244 3144 reditusque

128 3177 132 3182 ’
165 3181 214 3245 (a)
236 3170 327 3246 Atqui
354 3171 459 3229 Cicero
478 3174 560 3238 acad.
581 3193 662 3231 rar-a
692 3171 864 3248 Scipionem
890 3167 1018 3230 ohiuisse
1047 3171 1179 3230 nobilem
1196 3169 1238 3226 il-

110 3248 182 3314 lam
193 3253 374 3330 legationem
386 3266 454 3312 ante
466 3275 619 3313 censuram
629 3253 734 3312 scribit
739 3281 749 3324 3
760 3253 841 3331 quod
853 3252 915 3312 eius
933 3255 1123 3342 μνημονικδν
1138 3249 1242 3339 α’μοῖρ-

117 3374 208 3434 φημι
228 3343 339 3402 inindiu
367 3341 534 3420 coarguisse
560 3342 617 3402 sihi
636 3343 756 3400 uidetur
772 3345 808 3404 A.
820 3336 1028 3403 Reudinellius.
1049 3346 1088 3402 ad
1107 3339 1240 3402 Africani

124 3439 220 3498 uitam
237 3435 294 3496 loc.
317 3447 447 3492 controu.
466 3455 561 3500 xrrrr,
583 3431 652 3510 quia
671 3431 760 3490 ceteri
778 3431 911 3492 historici
930 3435 1057 3496 eundem
1075 3448 1242 3516 temporum

120 3533 285 3600 sequuntur
301 3516 436 3594 ordinem
459 3536 546 3594 quern
568 3537 647 3576 nune
669 3511 774 3574 Cicero
793 3514 824 3574 in
842 3519 973 3578 somnio.
998 3520 1058 3578 Sed
1081 3540 1117 3576 cn
1139 3536 1239 3582 rursus

110 3603 185 3662 'alia
204 3599 313 3662 erroris
331 3597 489 3670 refutatio,
510 3599 591 3676 quod
607 3619 713 3678 nempe
731 3595 830 3678 Scipio
847 3597 878 3656 in
894 3598 954 3662 hoc
969 3623 1058 3680 opere
1075 3603 1128 3662 lib.
1139 3605 1241 3666 lll.35

121 3707 218 3768 nuper
238 3693 249 3754 l
265 3703 336 3760 ergo
353 3697 420 3762 post
438 3693 611 3758 censuram)
631 3704 661 3742 se
679 3682 768 3742 luisse
790 3682 892 3742 Rhodi
910 3707 975 3746 cum
993 3689 1133 3747 Mummio
1146 3688 1237 3760 dicits

123 3771 208 3848 quod
228 3769 340 3828 dictum
360 3767 434 3826 mire
450 3767 588 3844 ¹congruit
609 3787 674 3824 cum
688 3765 824 3827 Simsonii
842 3770 1004 3840 sententio,
1028 3773 1077 3850 qui
1093 3773 1240 3850 Scipionis

121 3855 303 3934 legationem
317 3853 350 3908 -in
368 3871 475 3910 annum
495 3869 631 3908 ocxxrrrr
653 3847 791 3906 coniicit.
810 3852 949 3920 Recurrit
968 3873 1038 3929 ergo
1058 3856 1156 3931 Pighii
1168 3856 1239 3932 opi.

122 3940 192 4010 nio,
204 3956 290 4014 quarn
300 3954 390 4012 snpra
400 3933 458 3991 111.
468 3929 517 4002 35,
528 3925 716 3990 laudabimus
728 3929 765 3990 dc
775 3931 888 4012 triplici
907 3935 1056 4012 Scipionis
1067 3936 1235 4014 legatione.

174 4043 228 4140 (ι)
248 4043 448 4112 Africanum
462 4059 657 4110 commoue-
751 4037 805 4133 (a)
827 4046 984 4128 Quonam
995 4062 1091 4133 pacto
1106 4049 1237 4119 animae

123 4140 155 4206 ri
174 4135 313 4204 solitum
330 4135 532 4228 imaginihus
551 4135 658 4200 maio·
706 4135 1237 4228 corporibusexutaeloquantur,

124 4253 205 4296 rum
223 4230 303 4294 uisis
322 4224 561 4296 aitSallustins
579 4227 655 4316 lug.
704 4227 833 4296 curiose
874 4227 1027 4293 edisserit
1068 4232 1235 4320 Procles,

126 4344 202 4410 cap.
219 4340 273 4386 rv.
294 4321 454 4390 Ceterum
472 4317 529 4386 hic
548 4317 661 4410 agitur
707 4317 803 4382 cuius
815 4313 942 4406 prolixa
954 4320 1058 4386 uerba
1068 4321 1145 4388 heic
1157 4329 1236 4416 qni-

125 4413 169 4480 de
190 4411 262 4480 uiso
282 4457 294 4508 .1
405 4485 411 4492 ,
548 4475 551 4482 ,
652 4473 656 4482 .
704 4409 1077 4506 demdpraetermittere
1105 4441 1240 4508 necesse
