3314 5658
421 470 517 544 ms

419 605 485 685 pus
502 593 691 664 Pednerins
709 589 884 685 episcopus
913 587 1164 682 maceriensis)
1192 585 1400 660 se'ex'Alb.
1417 585 1531 656 Cris·¹
1637 667 1638 700 q

418 711 501 786 sio,
535 704 673 774 bomine
694 751 703 787 ,
727 705 810 775 dum
839 709 1012 787 uiueret,
1036 703 1233 796 perurbane
1265 719 1302 771 et
1331 701 1521 798 pererudi-

416 821 476 897 lo,
499 819 695 896 audivisse,
714 821 846 911 primos
875 841 926 883 ecc
955 820 999 882 iis
1021 816 1129 885 libros
1150 831 1310 908 quattuor
1336 817 1384 884 ab
1412 839 1454 884 eo
1483 819 1523 882 itt

416 923 587 1016 legatione
605 927 818 1019 anglicana,
841 947 935 993 anno
960 922 1044 993 Cbr.
1064 941 1202 992 nnnvtt
1219 928 1257 992 in
1273 923 1424 1014 quodam
1441 947 1533 992 mo-·
1637 943 1638 946 ’

416 1041 567 1104 nunerio
588 1042 686 1105 uisos
703 1061 777 1105 esse
797 1061 807 1102 ε
830 1057 914 1128 quos
929 1058 1004 1100 cum
1021 1039 1072 1102 ita
1090 1035 1142 1103 ibi
1156 1049 1227 1102 tum
1243 1033 1459 1125 reliquisset,
1482 1046 1520 1102 ut

416 1168 475 1213 eos
492 1153 529 1215 in
547 1149 660 1216 reditu
673 1149 776 1216 vellet
791 1171 903 1215 secum
914 1163 1096 1240 asportare
1111 1171 1183 1227 ,en
1193 1145 1366 1240 legatione
1378 1143 1522 1214 rediens

415 1255 528 1324 ntsllos
549 1261 703 1351 reperit.
732 1255 948 1325 Dicebantur
967 1272 1081 1325 autem
1100 1261 1196 1333 furto
1226 1253 1310 1321 inde
1340 1251 1524 1346 praerepti

399 1367 518 1448 fuisse
539 1419 547 1434 .
568 1403 586 1416 -
606 1370 733 1436 Revera
752 1369 873 1434 Petrus
886 1369 1032 1447 Romus,
1051 1365 1148 1432 cuius
1168 1364 1249 1430 item
1267 1362 1304 1428 in
1322 1361 1528 1430 Ciceronem

415 1473 610 1545 nobilitatae
630 1493 821 1545 curassent
835 1522 844 1558 ‚
858 1477 985 1568 quique
1002 1474 1106 1568 poulo
1124 1491 1200 1566 post
1217 1475 1254 1542 in
1270 1468 1535 1540 bortholomiti··

414 1593 452 1646 oo
471 1582 571 1651 clode'
590 1587 715 1674 periit,
733 1588 782 1654 sie
801 1587 848 1653 sit
865 1584 969 1675 praei.
990 1585 1033 1652 ed
1051 1584 1215 1675 Scipionis
1233 1581 1422 1650 somniums
1453 1600 1523 1656 secu

415 1693 499 1766 libri
525 1695 571 1768 de
589 1727 662 1793 rep.
681 1705 752 1767 sive
766 1703 960 1792 perierint,
985 1703 1055 1770 sive
1073 1700 1134 1768 sub
1152 1707 1249 1797 signo
1276 1701 1526 1791 claustrisque,

415 1805 511 1900 quod
525 1807 630 1874 audio
646 1854 655 1886 ,
673 1831 697 1874 a
716 1811 818 1874 certis
835 1804 1033 1876 bominibus
1046 1805 1174 1902 in‘rep.
1194 1799 1335 1878 rtimiunt
1353 1807 1527 1900 religiosis

414 1929 588 2006 tamquam
610 1915 767 2002 sibyllini
793 1910 877 1982 libri
897 1919 1134 1985 retineantur.
1161 1919 1299 2011 5P01·ro
1317 1915 1358 1996 de
1377 1911 1527 2004 politicis

416 2021 528 2090 Tu'llii
549 2023 643 2090 libris
671 2047 731 2112 per
756 2023 955 2092 Sarmatiam
980 2027 1159 2114 quaesitis,
1183 2027 1268 2093 mire
1286 2043 1364 2092 sunt
1382 2043 1467 2114 quac
1488 2021 1527 2086 in

414 2131 465 2197 Io.
480 2133 645 2199 Zsmoscii
665 2133 733 2200 vito
751 2149 865 2199 narrat
885 2131 1100 2215 Bullartius,
1124 2157 1243 2224 nempe
1266 2131 1397 2199 nobiles
1421 2151 1527 2220 quos·

414 2235 648 2331 dampolonos
672 2256 747 2330 post
765 2264 893 2308 annum
912 2259 1089 2312 nonxxvt
1109 2241 1151 2308 ab
1182 2241 1356 2310 obsidione
1385 2238 1528 2308 Plesco-

414 2347 486 2415 viae
504 2347 599 2416 urbis
624 2349 787 2441 digressos
810 2351 997 2440 perrexisse
1015 2353 1051 2418 in
1069 2351 1243 2418 interiores
1259 2351 1435 2444 regiones,
1453 2350 1528 2418 ibi·-

415 2477 482 2546 que
499 2439 592 2525 *cum
616 2455 690 2526 eliis
708 2457 895 2549 priscorum
912 2459 1104 2528 litterarum
1126 2463 1351 2530 monumentis
1374 2461 1530 2531 invenis·

414 2558 450 2628 se
476 2563 527 2631 les
555 2565 667 2632 liores
691 2565 737 2632 de
774 2565 927 2656 Ciceron
942 2567 988 2635 de
1017 2568 1054 2636 la
1076 2571 1297 2664 republique,
1316 2569 1482 2639 adressez
1499 2591 1526 2634 a
1637 2647 1638 2654 ἵ

416 2663 577 2754 Astreus,
607 2677 727 2740 escrits
749 2699 794 2740 en
819 2675 937 2743 lettres
959 2677 996 2744 d'
1014 2679 1065 2744 or.
1096 2675 1257 2746 Bullsrtii
1281 2677 1375 2744 buno
1406 2675 1525 2742 locum
1637 2683 1638 2752 J

413 2769 470 2838 bel
493 2797 563 2840 non
589 2777 675 2843 vidit
701 2776 753 2846 vel
783 2783 984 2873 contempsit
1014 2781 1222 2868 Wslcbius,
1251 2789 1311 2876 qui
1339 2788 1375 2854 in
1403 2783 1526 2855 libello

414 2877 457 2943 d'c
487 2879 755 2951 dedicationibus
784 2883 953 2955 librorum
982 2906 1136 2958 veterum
1165 2891 1351 2961 latinorum
1381 2917 1424 2962 ne
1447 2919 1527 2962 ver·

411 2978 497 3050 bum
517 2987 656 3076 quidem
679 2989 760 3058 iecit
782 2991 825 3059 de
854 2992 1001 3082 politicis
1026 2995 1137 3065 Tullii
1160 2997 1280 3067 libris.
1315 3001 1402 3072 Sane
1420 3001 1526 3070 iebu-

409 3086 482 3153 iam
501 3111 597 3158 snam
616 3091 804 3164 Bullertius
833 3095 965 3169 facilius
987 3103 1086 3173 nobis
1114 3107 1352 3198 persuasisset,
1377 3109 1405 3176 si
1423 3133 1527 3200 gree-
1637 3091 1638 3104 ἵ

405 3221 471 3264 -cos
488 3197 592 3268 libros
619 3201 660 3267 iis
685 3201 722 3268 in
750 3203 945 3298 regionibus
975 3227 1126 3301 repertos
1150 3215 1384 3284 narravisset:
1419 3213 1526 3282 latine
1634 3273 1638 3294 ,

412 3307 539 3396 quippe
557 3323 775 3372 monuments
793 3331 980 3400 numquam
993 3315 1041 3381 ibi
1052 3324 1197 3388 extitisse
1215 3328 1375 3392 videntur
1388 3374 1396 3390 .
1408 3361 1427 3377 -
1440 3329 1527 3397 Cas*

409 3407 478 3502 'por
497 3412 657 3481 Bambius
675 3415 810 3483 soeculo
829 3437 916 3486 xvtt
936 3419 1020 3487 baec
1051 3425 1168 3493 scribit
1188 3425 1241 3520 (1)
1257 3453 1265 3496 :
1284 3431 1411 3502 incidit
1434 3457 1527 3504 nunc

406 3525 602 3622 memorius
615 3521 741 3592 vidisse
753 3529 860 3592 virum
872 3525 1052 3599 cordatum
1063 3547 1099 3601 et
1108 3533 1247 3605 doctum
1259 3537 1499 3614 documentum
1513 3587 1525 3626 ,

405 3655 480 3723 quo
488 3631 638 3717 probiori
645 3635 756 3724 possit
767 3678 778 3715 ,
790 3650 873 3702 onte
888 3649 1019 3728 pausos
1031 3665 1143 3711 annos
1155 3647 1216 3714 e'os
1227 3648 1335 3717 libros
1349 3649 1364 3743 (
1380 3653 1422 3719 de
1434 3648 1526 3743 rep.)

408 3745 451 3808 in
474 3737 668 3810 Germania
689 3745 795 3810 etiam
814 3749 1038 3838 supertitisse.
1060 3753 1177 3849 Prope
1196 3759 1314 3827 urbem
1335 3757 1523 3830 Braneus-

327 3849 330 3856 ’
405 3845 524 3927 rium,
542 3852 653 3940 inquit
671 3850 724 3918 Io.
738 3850 851 3922 Henr.
870 3854 1076 3928 Meibomius
1088 3904 1099 3942 ,
1110 3868 1147 3929 in
1160 3859 1323 3934 Saxonis
1342 3877 1523 3937 moneste-

406 3957 500 4021 rium
512 3971 566 4070 est
576 3955 839 4028 liittersltusinm
857 3968 995 4034 nomine
1009 3973 1070 4036 sin
1087 3976 1216 4062 eosuit
1231 3970 1396 4046 librorum
1408 3999 1525 4071 quon·-

404 4059 496 4129 -datn
514 4085 586 4130 non
603 4065 787 4135 incelebris
801 4075 926 4162 copia.
949 4059 1246 4168 Supersunt'titnli
1261 4085 1409 4176 capsulis
1426 4083 1525 4175 ndst-

412 4175 478 4250 sci,
496 4177 555 4261 qui
571 4177 608 4240 in
621 4197 760 4268 quoquo¹
761 4179 882 4263 forulo
902 4181 1041 4253 cedices
1043 4183 1187 4284 fierint
1205 4187 1314 4282 positi
1327 4223 1336 4260 ε
1353 4199 1446 4264 inter
1462 4223 1523 4266 ce·

353 4333 356 4336 .
405 4289 506 4345 'seros
524 4278 639 4394 tittelus
651 4281 741 4392 inibi
756 4300 867 4352 restat
877 4287 1011 4380 glutino
1030 4291 1193 4384 actlfixtts,
1206 4299 1244 4366 in
1262 4321 1305 4370 sa
1318 4307 1523 4394 eapsajuit·

409 4457 418 4478 .
448 4424 504 4492 ,(1)
528 4417 687 4484 Adverso.
713 4445 817 4486 xxxu.
838 4425 892 4500 td,
983 4477 996 4488 .
