3262 5662
430 493 516 583 162
762 513 825 574 nr
857 515 918 576 aa
951 513 1180 581 evertes

490 619 513 664 *
539 623 742 728 Propterea
754 639 791 700 et
806 627 921 702 istum
940 653 1016 702 non
1035 628 1219 704 creditum
1241 627 1336 704 inter
1355 626 1445 708 deos
1462 660 1519 710 rr·

410 765 561 856 ceptum
580 747 645 826 tali
663 765 786 826 morte
799 805 811 848 ,
826 753 913 854 quia
928 750 1082 828 fortasse
1099 753 1201 856 quod
1217 771 1296 830 erat
1311 755 1351 828 in
1362 755 1521 834 Romulo

413 875 643 980 probatum,
672 873 832 948 Romani
849 871 996 974 uulgare
1009 873 1230 974 noluerunt,
1259 877 1291 952 si
1308 875 1389 962 ‚hoc
1414 893 1452 954 ct
1469 875 1520 954 el·

414 998 486 1072 teri
506 993 614 1072 facile
640 991 883 1071 tribueretur.

256 1149 380 1236 P.171.
475 1121 636 1210 XVIII.
662 1185 674 1206 .
698 1185 710 1204 .
736 1185 748 1222 2
772 1155 911 1242 neque
935 1124 1047 1206 enim
1071 1091 1196 1238 serpit
1226 1119 1301 1208 scd
1333 1123 1451 1208 uolat
1479 1125 1521 1208 in

413 1269 623 1388 optimum
647 1281 800 1347 statum
834 1264 1022 1350 instituta
1052 1287 1097 1352 (a)
1130 1285 1204 1349 tuo
1238 1295 1430 1352 sermone
1464 1298 1520 1354 res

411 1411 586 1534 publica
603 1476 615 1496 .
645 1433 678 1488 s.
705 1407 806 1493 Post
820 1437 919 1491 eum
937 1433 985 1498 (ι)
1003 1397 1168 1506 Numae
1186 1408 1372 1522 Pompili
1396 1441 1520 1524 nepos

303 1593 306 1601 ·
412 1549 564 1645 exfilia
591 1594 639 1662 (α)
666 1547 956 1666 rexapopulo
976 1571 1036 1636 est
1060 1543 1201 1638 Ancus
1220 1551 1403 1638 Marcius
1422 1585 1521 1638 con-.
1613 1597 1614 1612 r

357 1803 359 1810 ·
412 1831 418 1842 .
451 1761 495 1838 (⁸)
519 1759 593 1820 Hcic
609 1757 682 1816 milri
700 1755 859 1817 uidebatur
877 1755 1084 1816 collocandum
1101 1757 1301 1836 fragmentum
1313 1757 1523 1835 abAugustinc

410 1841 584 1906 c.t).1lt.15
607 1854 776 1911 seruatum,
795 1840 841 1899 cui
859 1841 901 1898 sic
918 1841 1088 1916 praefatur:
1102 1851 1123 1879 “
1140 1841 1177 1900 de
1197 1841 1286 1900 Tullo
1304 1841 1417 1920 quippe
1438 1841 1524 1900 etiam

407 1969 430 2000 „
452 1927 598 1997 Hostilio,
616 1927 667 2003 qui
694 1924 800 1984 tertius
826 1945 843 1980 a
862 1923 989 1984 Romulo
1009 1945 1060 1984 rex
1086 1925 1161 1996 fuit,
1179 1925 1229 2002 qui
1255 1939 1284 1984 et
1309 1925 1376 2002 ipse
1399 1925 1522 1987 fulmine

407 2052 430 2083 „
454 2011 607 2069 absumtuo
626 2021 688 2076 est,
713 2007 786 2066 dicit
802 2005 833 2063 in
851 2006 963 2065 eisdem
981 2009 1042 2079 (dc
1061 2029 1123 2085 rep,
1137 2009 1247 2082 )libris
1264 2007 1389 2066 Cicero:
1405 2023 1524 2088 propte·

407 2133 430 2165 „
452 2115 505 2154 rea
517 2103 546 2152 ct
561 2099 751 2162 iterumue„
769 2092 909 2149 Ceterum
920 2090 972 2148 hic
986 2091 1138 2150 Ciceronis
1153 2091 1237 2149 locus
1250 2092 1374 2150 uidetur
1390 2091 1527 2169 aliqnan-

408 2190 475 2236 tum
491 2177 529 2236 ab
545 2175 610 2253 ipso
626 2174 793 2252 Augustino
813 2172 1029 2253 interpolatus,
1053 2175 1156 2233 saltem
1180 2175 1260 2251 quod
1277 2175 1394 2233 adtinet
1415 2176 1454 2233 ad
1471 2177 1525 2233 tle·

405 2261 507 2322 xiones
520 2260 727 2338 grammaticas
739 2301 746 2314 .
758 2260 820 2316 Iam
829 2269 901 2314 uero
911 2257 1069 2336 praedicto
1081 2278 1191 2336 genere
1205 2260 1307 2318 mortis
1316 2258 1440 2338 periisse
1453 2259 1525 2318 Tul·

405 2344 472 2412 lum
493 2344 575 2402 aiunt
591 2343 693 2404 Limus
710 2343 734 2404 I.
747 2342 805 2410 31,
824 2340 939 2398 Plinius
955 2342 994 2400 11.
1013 2338 1065 2401 53.
1084 2364 1202 2401 xxvru.
1216 2363 1246 2413 23
1264 2343 1371 2403 Victor
1379 2367 1389 2410 3
1408 2345 1526 2400 Eutro-

407 2426 478 2504 pius
487 2451 497 2495 3
515 2425 655 2488 Valerius
671 2429 810 2484 Mur-ra.
827 2433 853 2494 '¹5
871 2422 1026 2501 Appianus
1042 2425 1123 2502 apud
1140 2424 1282 2484 Photiurn
1300 2425 1527 2484 cod.cvrr.Dio-
1610 2451 1611 2476 i

406 2509 508 2588 nysius
526 2521 625 2567 autem
641 2509 697 2567 ut.
717 2505 756 2566 55
774 2526 855 2564 more
872 2525 925 2563 suo
942 2505 1037 2564 uarias
1054 2508 1117 2564 eiua
1137 2508 1274 2567 interitus
1293 2509 1384 2568 famas
1400 2521 1523 2568 narrat.

348 2657 358 2670 ,
452 2591 583 2666 (meod.
601 2596 739 2652 inruente
750 2630 761 2662 ,
780 2587 862 2668 quod
882 2589 1024 2650 mendum
1039 2590 1216 2650 uidebatur.

404 2749 587 2827 OE'truseis,
628 2746 768 2814 sellam*
792 2744 942 2812 curulem
990 2744 1124 2833 imperii
1144 2745 1317 2813 ornatibus
1334 2743 1433 2813 facilc
1452 2772 1525 2814 sar-

407 2843 611 2930 iiciores'que
630 2844 666 2906 ct
682 2841 797 2928 togam
811 2839 943 2926 pictam
992 2840 1039 2903 cit
1049 2839 1234 2928 Dionysius
1243 2836 1319 2904 loco
1332 2839 1520 2926 praedicto.

406 2951 510 3025 atque
526 2930 943 3024 praetextam,quaein·
989 2925 1102 3016 Atque
1134 2931 1259 3018 oppido
1287 2953 1395 3019 pauca
1422 2931 1524 2998 breui

406 3029 519 3118 signia
555 3025 815 3115 magistratuum
845 3035 943 3087 etru-
989 3017 1055 3084 hoc
1069 3019 1212 3086 inhiatu
1226 3023 1408 3102 amisimus,
1422 3047 1525 3111 prae-

406 3119 541 3186 ‘scorum
582 3129 707 3194 erant,
739 3115 871 3204 primus
906 3127 944 3178 ut
990 3113 1106 3178 sertim
1138 3115 1166 3178 si
1189 3114 1226 3178 in
1256 3137 1335 3180 eum
1365 3115 1526 3184 incidunt

401 3209 543 3284 'Ilornae
557 3203 769 3276 haberentur
785 3201 941 3272 Instituit.
989 3205 1095 3270 uerba
1108 3205 1149 3269 ab
1162 3199 1352 3297 Augustino
1367 3225 1501 3272 seruata
1516 3258 1525 3273 .

405 3297 534 3372 Confer
565 3297 719 3366 Plinium
752 3313 839 3360 v111.
872 3293 942 3378 48,
989 3293 1061 3360 Hoc
1086 3296 1190 3386 igitur
1214 3299 1321 3385 spatio
1340 3293 1429 3364 nihil
1453 3296 1527 3366 fere

402 3411 460 3460 rx.
478 3393 534 3481 39,
554 3404 588 3455 et
611 3389 804 3455 Diodorum
823 3401 860 3449 v.
882 3384 938 3467 4ο.
987 3385 1100 3449 dicere
1138 3405 1264 3466 auctor
1291 3391 1425 3478 potuit,
1458 3391 1527 3456 nisi

404 3483 474 3552 Sed
506 3479 691 3570 Dionysius
720 3476 783 3539 ΙΙΙ.
817 3475 874 3541 6ι.
894 3477 937 3542 62
987 3471 1086 3539 Tulli
1109 3478 1197 3566 regis
1216 3479 1359 3570 insignia
1381 3483 1526 3570 eiusque

354 3590 358 3597 '
402 3571 541 3640 lictores
550 3565 782 3638 cumfascibus
791 3565 940 3654 primum
986 3563 1318 3657 interitum2quibus
1331 3577 1525 3660 peroratis,

401 3664 547 3755 praeisse
589 3659 779 3747 Tarquinio
821 3655 936 3722 Prisco
987 3653 1072 3721 alius
1084 3659 1196 3726 nescio
1210 3661 1286 3750 quis
1307 3661 1419 3754 (num
1434 3667 1523 3734 Lae·
1613 3659 1614 3696 l

403 3753 522 3824 scribit
534 3751 575 3818 de
588 3765 720 3818 senatus
735 3743 935 3838 populique,
983 3745 1081 3815 lius?
1106 3749 1228 3817 eonfer
1263 3751 1366 3820 finem
1396 3759 1521 3848 capitis

401 3867 508 3937 quem
524 3867 581 3910 rex
601 3839 837 3923 consuluerat,
859 3865 936 3906 sen·
983 3859 1025 3910 xr
1050 3835 1352 3934 )interlcqnitnr,
1385 3847 1526 3940 Scipio·
1613 3863 1614 3890 ³

402 3939 510 4006 tentia
524 3955 752 4027 :quamquam
770 3955 849 4000 eum
862 3955 936 4000 mo-
975 3935 1033 4005 ‚nis
1058 3937 1204 4002 sermoni
1222 3935 1408 4027 plaudens,
1428 3959 1469 4006 ut
1484 3945 1523 4007 ia
1613 3993 1614 4020 ,

401 4053 477 4102 rem
490 4031 737 4120 antiquiorem,
753 4027 937 4116 etquidem
981 4027 1133 4116 proximo
1156 4027 1242 4096 folio
1262 4033 1378 4099 nidere
1396 4047 1466 4098 est.
1613 4027 1614 4038 ’

401 4124 530 4213 abipso
550 4119 696 4189 Romulo
716 4129 935 4208 usurpatum,
1029 4116 1084 4210 (t)
1109 4120 1188 4188 Sine
1225 4123 1329 4191 dubio
1362 4119 1522 4215 loquitur
1613 4207 1614 4212 ἵ

400 4239 423 4280 a
436 4215 639 4307 quibusdam
657 4209 765 4306 (quos
784 4213 935 4278 interest
980 4233 1119 4278 rursum
1136 4211 1275 4304 Scipio.

401 4306 524 4374 Liuius
548 4309 574 4373 l.
597 4302 653 4397 8)
687 4305 780 4371 credi
809 4301 934 4398 fatetur
1029 4300 1082 4397 (2)
1102 4303 1233 4372 Numae
1244 4305 1313 4373 filia
1327 4351 1336 4386 ,
1351 4326 1440 4396 quae
1456 4331 1519 4398 pe·

401 4399 617 4488 Dionysius.
657 4392 812 4478 Cetera,
846 4417 932 4488 quae
979 4396 1066 4484 perit
1078 4393 1215 4464 Ancum
1232 4419 1268 4464 re
1291 4421 1514 4478 em,rnem0-

400 4485 440 4556 iu
454 4489 577 4561 lacuna
595 4491 796 4587 perierunt,
812 4489 856 4588 de
880 4487 934 4590 Iris
977 4504 1111 4590 ratura
1133 4423 1321 4564 plumeis
1344 4491 1380 4560 in
1399 4490 1517 4561 Numa
