3314 5658
195 572 199 582 .
1124 527 1233 590 XXXI

100 629 183 704 lut·
198 626 286 704 Μή
303 640 397 708 eut'm
409 638 493 732 puto
513 659 548 711 te
562 669 660 718 meas
671 636 836 744 epistulas
858 639 977 712 delere
992 687 1003 725 ‚
1026 659 1066 712 tst
1081 667 1233 736 reponas
1325 667 1332 676 ·

110 755 214 846 tuus.
232 742 299 814 Ass
311 743 377 816 hoc
394 753 594 846 stpnifieus,
611 757 798 850 rottlfien'
807 758 968 848 'lsrigere
982 771 1015 822 te
1029 760 1046 816 'i
1058 779 1102 822 ns
1121 751 1229 824 cbar-

112 863 189 918 tom
213 853 354 945 quidem
375 859 441 926 tibi
462 864 723 956 suppeditare?
751 863 826 931 Hoc
845 861 922 930 loco
941 863 1062 931 Cicero
1088 877 1153 930 tres
1178 864 1232 930 in-

109 961 191 1026 nuit
219 959 453 1034 sollemniores
481 987 515 1038 et
545 993 640 1039 veras
667 969 964 1064 palimpsestorum
1000 967 1232 1041 faciendorum

110 1090 250 1154 cauam,
275 1087 509 1165 contemptum
526 1081 649 1148 veteris
666 1081 880 1173 argumenti,
910 1079 1133 1170 parsimoniae
1157 1096 1231 1152 stu·

110 1175 235 1260 dium,
259 1181 534 1252 membranarum
556 1188 760 1276 penuriam.
785 1184 899 1277 Atque
917 1209 979 1278 ego
999 1185 1231 1277 palimpsestos

111 1285 150 1352 in
162 1285 369 1357 membranis
387 1289 550 1360 hactenus
561 1294 714 1360 videram
728 1323 737 1359 ε
751 1294 949 1361 chartarum
958 1295 1049 1360 euim
1060 1313 1230 1386 quotquot

112 1409 194 1462 sunt
211 1419 333 1488 genera
352 1399 408 1468 vir
425 1401 457 1467 ei
474 1401 525 1468 rei
543 1418 619 1492 apta
643 1404 821 1470 videntur.
836 1403 953 1494 Nuper
971 1420 1082 1470 tamen
1101 1427 1119 1470 e
1139 1405 1229 1474 duo·

111 1503 176 1571 bus
189 1509 388 1598 papyraceis
407 1507 648 1600 diplomatibus
659 1509 786 1578 saeculi
798 1531 914 1592 vnn,
934 1533 1018 1600 quae
1029 1517 1231 1599 impetrante

111 1615 190 1677 emo
209 1634 250 1680 ae
268 1615 345 1683 rsiao
363 1613 539 1687 Cardinali
563 1617 748 1687 Guerrcrio
771 1616 895 1688 nobilis
924 1615 1127 1686 Gualtheria
1151 1603 1233 1710 gens

112 1715 328 1792 Urbeuetere
341 1725 384 1792 ud
398 1725 586 1794 caucanam
594 1722 840 1793 bibliothecam
854 1726 982 1795 donans
995 1726 1109 1806 misit,
1125 1747 1233 1792 uuum

9 1858 14 1867 ·
113 1844 208 1898 certe
226 1831 307 1921 ipsis
321 1829 467 1900 dominis
478 1828 530 1900 ill,
542 1829 795 1902 observantibus
814 1837 1014 1924 rescriptum
1025 1851 1075 1900 est
1088 1858 1098 1910 ς
1111 1856 1233 1923 quani-

5 2000 10 2029 ,
113 1967 220 2038 quam
231 1945 327 2036 prior
339 1946 503 2036 scriptura
517 1948 594 2014 satis
605 1942 673 2040 legi
685 1967 754 2016 non
763 1963 894 2036 potest.
909 1950 1021 2034 Quare
1033 1964 1183 2038 superest
1193 1963 1234 2014 ut

112 2053 348 2148 palimpsestos
371 2073 508 2144 quoque
525 2075 728 2144 papyraceus
746 2053 872 2121 eruditi
890 2071 1104 2122 scrutentur.
1131 2055 1233 2123 Cete-

114 2163 219 2254 roqui
231 2159 528 2252 palimpsestorum
540 2158 642 2228 lectio
655 2163 762 2252 perito
774 2161 981 2252 patientique
998 2161 1126 2240 bomini
1138 2161 1233 2230 haud

111 2265 319 2362 plerumque
338 2263 479 2334 molesta
497 2283 575 2335 est:
601 2267 637 2334 iu
666 2269 759 2336 omni
784 2285 896 2360 umen
921 2269 1088 2336 eiusmodi
1104 2272 1233 2360 scripto

112 2373 232 2471 plures
256 2391 443 2446 occurrunt
461 2377 602 2470 paginae
620 2373 718 2444 valde
735 2371 828 2444 lectu
847 2371 998 2444 difficiles
1016 2391 1050 2442 et
1068 2375 1234 2442 obscura·-

115 2483 380 2576 tue.1taquein
390 2505 460 2552 uuo
472 2507 571 2554 versu
587 2483 730 2552 verbose
747 2482 871 2550 bonurn
890 2483 1093 2575 quandoque
1110 2481 1235 2554 boram

113 2613 317 2662 consumere
334 2611 405 2662 nou
422 2590 592 2660 recusabis
611 2637 623 2674 ‚
646 2605 686 2657 ut
703 2613 775 2658 rem
793 2591 930 2660 tandem
947 2593 1001 2657 'ex
1018 2597 1233 2682 integumen-

115 2701 158 2767 tis
175 2699 247 2766 suis
265 2693 421 2766 evolvere
445 2719 577 2788 quem
601 2713 637 2764 et
665 2697 805 2788 quidem
833 2695 1059 2786 expectandus
1093 2717 1233 2764 serenus
1357 2688 1362 2700 '

113 2805 208 2888 dies,
239 2819 274 2872 et
291 2805 329 2872 iu
350 2800 431 2872 solis
453 2800 587 2897 fulgore
611 2804 756 2871 maximo
775 2803 818 2872 ad
836 2801 1017 2874 lectionem
1035 2798 1233 2870 incumbere

113 2936 252 2985 necesse
270 2927 344 2980 est.
374 2911 483 2980 Porro
506 2907 624 2978 nullus
647 2927 698 2980 est
716 2910 969 3004 palimpsestus‚
1001 2911 1124 3000 inquo
1143 2905 1233 2974 scri·

114 3043 217 3123 ptura
235 3025 566 3106 construentium,
589 3021 780 3098 indiscretis
798 3047 919 3113 nempe
938 3019 1136 3114 vocabulis,
1155 3013 1234 3088 nul·

113 3134 147 3206 la
178 3147 387 3202 commatum
404 3133 644 3214 distinctione,
668 3133 815 3222 exceptis
840 3132 1013 3198 interdum
1030 3125 1129 3194 valde
1148 3145 1234 3190 eva·-

113 3243 200 3314 nidis
219 3243 404 3332 paucisque
427 3239 587 3329 punctis.
607 3237 781 3326 Scriptum
799 3235 904 3324 igitur
921 3235 1118 3303 uuiversum
1137 3253 1234 3298 com·

116 3347 326 3418 movendum
338 3361 412 3424 est,
431 3359 532 3431 atque
551 3341 587 3407 in
601 3342 737 3431 propriu
748 3334 914 3410 vocabulo
932 3339 1233 3432 distinguendum

115 3477 205 3547 qnae
235 3475 290 3520 res
319 3471 430 3546 neque
453 3471 585 3538 semper
612 3447 784 3515 dubietate
803 3459 895 3516 caret
924 3467 1035 3536 usque
1053 3441 1232 3538 periculo.
1291 3503 1295 3512 ,

115 3561 249 3650 Nempe
260 3581 312 3626 ex.
330 3579 381 3648 gr.
392 3553 482 3622 libro
502 3556 530 3621 1.
551 3549 679 3644 rilego
696 3559 786 3628 solt
805 3556 947 3646 regione
963 3599 974 3634 ,
992 3557 1063 3620 non
1077 3552 1152 3620 sote
1169 3575 1234 3621 rc-

115 3673 245 3770 pionsa
265 3667 294 3736 1.
314 3669 351 3737 15
372 3669 555 3734 occuratis
574 3685 708 3754 neque,
727 3683 796 3727 nou
812 3645 1129 3760 ueteratiouequus
1148 3661 1176 3728 Ι.
1191 3683 1233 3751 ¹9

117 3797 154 3850 et
168 3783 271 3862 ium,
294 3799 365 3844 non
391 3780 528 3850 eduma
551 3771 569 3837 Ι
589 3794 627 3837 ut
656 3773 819 3861 paratior
834 3793 896 3850 es,
920 3791 990 3839 uon
1010 3774 1232 3863 purats’oresc

6 3931 10 3990 3
120 3891 167 3960 11.
188 3915 222 3957 ιι
247 3893 312 3958 st'tu
342 3905 490 3960 revoces
516 3885 635 3953 uonsi
660 3897 695 3948 tu
713 3903 852 3954 revoces
869 3897 933 3948 etc.
964 3880 1101 3971 Nequid
1120 3881 1232 3948 dicum

121 4000 164 4068 de
190 3989 379 4086 scripturae
403 3993 534 4062 mendis
563 3987 749 4058 innumeris
774 4008 860 4078 quae
889 3987 990 4076 primi
1019 3989 1233 4082 potissimum

121 4105 262 4176 editoris
280 4097 448 4172 medelam
465 4112 657 4197 expectant.
678 4096 812 4188 Quippe
829 4093 967 4182 antiqua
986 4089 1255 4162 cuiusviselas:
1340 4156 1345 4181 ,

123 4214 184 4284 sici
212 4211 267 4278 ria
297 4207 448 4285 sentibus
465 4205 622 4297 plurimis
649 4200 872 4296 virgultisque
899 4222 1028 4292 semper
1055 4203 1231 4293 purganda

120 4338 200 4390 cst.
236 4315 553 4388 Perturbaudcrum
574 4313 612 4382 iu
633 4309 853 4408 palimpsestis
877 4303 1039 4374 loliorum
1074 4329 1112 4373 ea
1144 4295 1231 4484 ‹pu-2

119 4451 158 4500 su
185 4429 274 4516 init,
303 4427 397 4524 quod
413 4425 544 4524 priscus
571 4423 676 4526 codex
698 4435 774 4509 ,ot
795 4441 901 4492 norae
917 4419 1104 4515 scriputura
1132 4440 1175 4516 up
1189 4443 1232 4490 us
