3262 5662
429 481 515 598 176
768 501 829 562 nr
862 497 923 562 an
952 493 1191 561 evantes

460 611 637 710 XXIII.
665 611 769 686 Statu
803 639 881 688 esse
911 613 1058 712 optimo
1084 607 1328 684 constitutam
1349 633 1427 683 ram
1460 634 1532 711 pn·
1616 704 1619 719 Ι

423 735 564 814 blicam
590 759 681 834 quae
707 758 754 806 ex
778 733 895 808 tribus
919 725 1108 832 geneiibus
1125 731 1198 804 illis
1211 787 1222 826 ‚
1233 727 1351 828 regali
1366 745 1404 804 et
1419 745 1531 832 optu-

422 856 517 932 mati
541 867 579 926 et
603 851 779 956 populari
801 853 956 928 confusa
983 851 1157 946 modice,
1172 875 1240 924 nec
1262 850 1453 952 puniendo
1479 853 1528 927 ir
1615 850 1619 959 l

421 981 508 1054 ritet
530 977 695 1051 animum
720 977 923 1051 immanem
948 970 1171 1072 acierum(
1195 973 1232 1072 ).

281 1107 315 1165 Ρ·
337 1102 385 1176 tt.
420 1170 431 1190 .
457 1169 468 1188 .
493 1166 505 1188 .
531 1167 542 1186 .
566 1107 759 1222 quinque
785 1119 826 1184 et
847 1119 892 1188 (α)
913 1099 1264 1216 sexaginta'annis
1288 1082 1529 1216 antiquior,
1618 1191 1619 1196 ,

424 1241 545 1364 quod
570 1263 656 1326 erat
679 1267 904 1330 ·xxxv1111·
931 1260 978 1333 (3)
1005 1262 1098 1324 ante
1116 1241 1296 1354 primam
1322 1238 1528 1354 olympii·
1616 1263 1618 1323 j

423 1385 525 1471 dem
549 1363 745 1469 condita.
776 1381 836 1468 Et
866 1381 1177 1499 antiquissimus
1198 1365 1280 1464 ille
1310 1379 1530 1499 Lycurgus

384 1661 390 1672 ·
465 1623 520 1718 (ι)
539 1621 950 1704 LocumaNoniosumo,
996 1621 1079 1690 lissa
1110 1629 1226 1708 tyria,
1255 1647 1357 1715 quam
1387 1625 1531 1716 quidam
1615 1635 1616 1648 ³

417 1720 478 1806 qui
496 1739 573 1784 uoc.
588 1717 759 1784 modicum
779 1715 860 1779 citat
872 1738 951 1778 eum
998 1715 1093 1782 Dido
1114 1733 1316 1796 autumant,
1343 1716 1527 1808 Karthago

417 1833 436 1875 e
456 1811 501 1876 ΙΙ.
522 1810 564 1876 de
582 1833 655 1897 rep.
674 1807 820 1874 Videtur
839 1821 959 1876 autem,
999 1807 1159 1874 cortditur
1178 1853 1186 1870 .
1225 1805 1239 1898 (
1258 1805 1400 1872 Orosius
1422 1828 1482 1872 tv:
1496 1811 1529 1878 6.
1614 1817 1615 1866 1

416 1903 463 1968 ad
479 1901 567 1968 hanc
581 1901 694 1966 sedem
707 1899 896 1987 quadrare,
917 1899 953 1964 in
1001 1899 1119 1964 scribit
1136 1918 1247 1966 uxxtt
1272 1900 1531 1987 p1·01.xv.Ser-
1610 1944 1613 1953 ·

442 2017 485 2057 ua
498 2013 606 2057 sermo
619 2007 668 2055 est
686 1991 728 2054 de
747 1987 875 2077 triplici
887 2012 953 2078 po-
1000 1990 1077 2054 uius
1096 2015 1168 2054 aen.
1182 1993 1208 2055 Ι.
1228 2013 1278 2056 tn.
1300 1991 1384 2054 dicit
1403 2012 1493 2060 Lxx.
1516 1985 1530 2084 l
1613 2021 1614 2026 ¹

416 2013 512 2148 litiae
526 2105 669 2173 genere.
694 2083 908 2168 Quamquam
921 2097 955 2146 et
1000 2080 1118 2170 Neque
1138 2080 1205 2147 sere
1224 2084 1288 2150 nisi
1307 2086 1422 2171 paucis
1444 2085 1530 2151 sorte

415 2171 499 2240 alibi
517 2197 587 2240 non
606 2173 750 2239 absurde
765 2173 845 2260 poni
858 2195 953 2261 posse
1000 2175 1094 2237 annis
1112 2174 1153 2238 ab
1166 2171 1228 2238 hae
1249 2166 1410 2240 sententia
1430 2200 1529 2242 rece·-

414 2266 576 2332 uidetur.
602 2267 653 2332 De
677 2261 841 2329 laudabili
860 2263 954 2352 prin·
1001 2263 1087 2330 dunt
1123 2265 1301 2355 scriptores
1335 2269 1435 2354 prisci
1470 2269 1529 2356 qni

415 2359 501 2446 cipis
525 2355 703 2424 elementia
721 2354 952 2426 Cassiodorius
998 2355 1213 2448 Karthaginis
1226 2383 1283 2423 seu
1295 2359 1527 2426 nascentis‘seu
1610 2356 1614 2394 ⁷

414 2473 487 2512 uer.
510 2452 537 2515 I.
559 2449 614 2524 30,
999 2449 1161 2513 extinctae
1200 2465 1348 2540 tempora
1383 2467 1527 2516 notaue·

463 2536 517 2633 (a)
547 2538 781 2623 Quoniamhic
801 2537 949 2603 sinedu-
994 2556 1098 2603 runt.
1124 2539 1212 2632 Lege
1232 2541 1423 2631 Appianum
1441 2567 1524 2631 pun.
1613 2595 1614 2598 η

414 2629 472 2696 bio
492 2645 707 2718 comparatur
732 2629 950 2720 Karthaginis
996 2630 1525 2708 cxxx113Vclleiuml.12;Hie-
1609 2626 1614 2683 !

414 2737 504 2788 aetas
518 2743 597 2787 cum
611 2713 736 2786 homae
749 2736 854 2786 aetate
869 2765 879 2801 ,
893 2721 946 2785 di-
993 2745 1177 2814 ronyntum
1196 2725 1312 2792 chron.
1327 2725 1436 2802 lib.11;
1457 2729 1524 2794 Eu·

416 2814 573 2902 citurque
592 2810 765 2904 Karthago
777 2812 948 2900 antiquior
995 2816 1244 2902 tropium1u.5
1261 2843 1271 2894 ς
1292 2818 1456 2884 Orosium
1470 2836 1522 2884 tv.

414 2925 518 2994 quam
537 2906 643 2970 Roma
657 2949 667 2984 ,
680 2927 779 2969 ausus
798 2927 873 2968 sum
885 2903 948 2969 ad·

414 2995 494 3062 dere
517 3000 664 3088 quinque
679 2995 721 3060 ad
738 2999 946 3087 sexaginta.

414 3087 531 3170 Quum
544 3089 634 3152 enim
646 3109 748 3174 supra
761 3087 882 3154 Cicero
892 3085 946 3153 di·

411 3184 498 3245 xerit
529 3180 673 3246 Romam
691 3179 864 3246 conditam
880 3196 946 3244 an-

410 3292 457 3336 no
470 3273 619 3338 secundo
630 3267 830 3361 olympiadis
843 3272 947 3357 septi-

211 3417 223 3434 „
299 3433 306 3446 ,
410 3381 485 3426 mae
496 3406 507 3442 ,
519 3361 555 3426 id
575 3378 625 3428 est
638 3383 726 3425 anno
745 3375 835 3425 sexta
847 3376 880 3423 et
892 3361 947 3422 ui·

410 3453 537 3541 gesimo
567 3468 643 3542 post
666 3465 800 3538 coeptas
831 3447 865 3513 ol
891 3471 944 3512 m·

409 3543 548 3626 pindas3
584 3541 662 3607 heic
702 3555 815 3604 autem
856 3473 945 3604 <licat

408 3630 654 3722 Karthaginem
682 3629 852 3696 conditam
882 3655 943 3696 an-

409 3741 454 3784 no
485 3741 574 3786 nono
603 3739 637 3786 et
665 3721 834 3810 trigesimo
866 3739 942 3789 ante

407 3811 551 3900 primam
564 3810 791 3904 olympiadem
803 3838 813 3890 ς
827 3817 942 3903 sequi-

408 3917 465 3967 tur
483 3919 523 3968 ut
543 3904 715 3996 Karthago
734 3905 885 3994 quinque
909 3922 943 3972 et

406 3996 575 4088 sexaginta
586 3997 681 4062 annis
699 3996 741 4062 sit
760 3998 865 4062 Roma
877 4021 939 4064 an-

407 4085 556 4174 tiquior.
582 4089 671 4154 Utor
698 4103 810 4152 autem
840 4087 940 4154 locu-

405 4175 495 4331 plete
506 4180 686 4244 sententiae
706 4195 845 4244 auctore
853 4179 939 4246 Vel·-
959 4177 964 4184 “

423 4270 474 4335 eio
494 4271 522 4335 Ι.
542 4272 575 4339 6:
594 4287 675 4339 ante
705 4295 816 4338 annos
833 4277 938 4362 quin-

407 4381 470 4446 que
481 4379 518 4428 et
535 4366 722 4454 sexaginta
741 4385 841 4454 quam
859 4365 940 4432 urbs

402 4469 551 4522 romana
569 4453 802 4538 conderetur,
825 4457 871 4526 ab
884 4457 939 4529 Ε·

994 2907 1088 2982 6.23;
1102 2909 1241 2976 Suidam
1254 2933 1330 2975 uoc.
1341 2906 1522 3001 Ἀφρικανός

995 3014 1028 3062 et
1042 3001 1197 3089 Καρχηδῶ
1200 3027 1234 3066 ν.
1248 3001 1379 3068 Horum
1391 3019 1522 3068 senten-

992 3090 1057 3154 tiae
1071 3114 1110 3159 eo
1130 3090 1199 3158 fere
1218 3095 1374 3160 recidunt
1386 3111 1424 3158 ut
1436 3095 1522 3160 Kar·

993 3179 1522 3343 thagoannospropeseptitgess·
1614 3233 1615 3273 1

992 3287 1043 3336 tos
1058 3277 1200 3342 uixerit.
1223 3279 1343 3346 Cicero
1354 3300 1416 3365 pro
1459 3275 1521 3340 lac.

992 3382 1092 3430 xxvt
1107 3366 1264 3433 obseruat
1274 3393 1333 3434 sua
1345 3385 1452 3436 aetate
1466 3369 1523 3432 La·

991 3454 1224 3522 cedaemonios
1248 3460 1523 3550 quoqueseptin-

990 3545 1174 3632 gentesimo
1200 3551 1267 3614 iam
1290 3549 1437 3638 amplius
1464 3575 1523 3616 an·

989 3657 1034 3700 no
1048 3633 1165 3702 iisdem
1183 3636 1316 3732 legibus
1334 3645 1456 3708 uiuere
1472 3693 1480 3710 .

1037 3724 1091 3820 (3)
1116 3725 1219 3818 Apud
1256 3733 1464 3825 Dionysium
1493 3735 1519 3800 l.

990 3813 1034 3908 74
1074 3821 1403 3893 Timaeusllomam
1440 3849 1522 3892 con·
1621 3887 1622 3892 ,

989 3909 1094 3975 ditam
1117 3913 1200 3978 dicit
1224 3915 1344 3982 eodem
1372 3934 1520 4006 tempore

986 4020 1054 4088 quo
1068 4003 1262 4098 Karthago,
1276 4031 1394 4098 nempe
1407 4030 1493 4074 anno
1507 4051 1518 4087 ,

986 4107 1025 4156 ut
1044 4094 1114 4183 ipse
1133 4115 1253 4185 putat,
1272 4119 1431 4168 xxxvut
1457 4123 1520 4164 an·

985 4199 1017 4250 te
1036 4187 1181 4274 primam
1198 4187 1449 4281 olympiadem,
1464 4193 1519 4270 ὅν

984 4271 1050 4358 Nur
1082 4274 1144 4344 est
1167 4279 1344 4370 τριακοστᾷ
1366 4277 1518 4371 πρίτερον

986 4365 1054 4432 t'rar
1082 4367 1138 4444 'rie
1162 4369 1285 4462 nptias:
1310 4367 1518 4456 inuptaidae·

984 4455 1026 4525 ld
1045 4482 1128 4532 uero
1145 4477 1263 4534 notare
1275 4483 1345 4535 nou
1354 4461 1422 4532 luit
1432 4464 1517 4528 inu-

1611 2967 1614 3095 l

1611 3104 1614 3152 l
