3234 5658
425 501 483 587 32
768 521 829 583 nr
861 503 922 580 ns
944 479 1184 590 ,rustici

424 673 498 731 se.
530 642 675 759 Itaque
698 669 795 727 cum
818 641 1032 726 Socratem
1054 635 1176 720 unice
1208 617 1432 717 dilexisset
1447 649 1513 741 ως

269 802 293 818 “
423 788 546 902 eique
580 782 722 874 omnia
762 776 949 865 tribuere
988 775 1190 861 uoluisset
1229 796 1309 882 (α),
1342 773 1515 888 leporem
1545 767 1552 777 ⁷

422 923 674 1014 socraticum
714 920 1068 1035 suptilitatemque
1099 916 1302 1001 sermonis
1325 943 1423 1000 cum
1444 909 1518 996 ob-
1594 1002 1598 1047 ἶ

420 1068 615 1154 scuritate
653 1061 911 1182 Pythagorae
943 1079 1115 1143 etcum
1147 1054 1219 1140 illa
1254 1054 1520 1170 plurimarum

421 1208 574 1292 artium
591 1205 790 1321 grauitate
808 1201 1020 1291 contexuit
1038 1217 1086 1291 (3)
1104 1266 1116 1286 .
1195 1205 1196 1208 ‘

421 1371 427 1382 ·
484 1343 564 1432 xl.
596 1341 711 1429 Haec
750 1345 891 1458 Scipio
922 1371 1021 1429 cum
1052 1333 1251 1445 dixisset,
1275 1337 1337 1422 ·L·
1354 1337 1522 1424 Furium
1596 1308 1598 1317 Ι

273 1477 279 1484 ’
422 1506 591 1602 repente
614 1485 858 1570 uenientem
881 1485 1037 1600 aspexit
1060 1523 1072 1589 ς
1106 1511 1287 1600 eumque
1310 1499 1361 1566 ut
1384 1481 1523 1568 seluta-

330 1761 332 1765 ·
421 1725 494 1794 lam
516 1727 574 1794 hic
598 1725 840 1822 pythagoricus
862 1725 953 1794 Phi·
997 1743 1201 1807 monstrem,
1221 1743 1340 1790 eorum
1352 1725 1457 1794 uerba
1473 1725 1523 1792 hic

420 1813 532 1886 lolsus
556 1844 576 1886 s
600 1821 880 1888 Crotoniensibus
903 1821 954 1886 ci·
998 1842 1122 1910 ponere
1154 1840 1286 1884 necesse
1327 1833 1402 1882 est.
1439 1817 1522 1886 Hier.

423 1911 525 1980 nibus
543 1912 610 1978 suis
629 1911 823 1980 interfectus
841 1915 890 1979 est
909 1911 952 1979 ob
991 1926 1116 2000 'contra
1135 1906 1315 1976 Rufinlll.
1337 1906 1409 1994 4⁰²
1428 1909 1523 1976 Plato

423 2001 596 2070 affecuue
623 2005 809 2094 tyrannidis
840 2004 955 2094 suspi-
995 1998 1076 2096 post
1087 1999 1305 2072 academiam
1322 2016 1363 2068 eo
1377 2007 1525 2070 innume·

422 2093 590 2170 cioncms
626 2093 744 2185 legesis
780 2096 953 2162 Laertiuru
999 2095 1129 2162 rabiles
1151 2093 1363 2186 discipulos,
1384 2098 1524 2162 renuens
1596 2101 1597 2116 ¹

422 2203 558 2277 vt11.7,
577 2185 763 2277 etSuidum
780 2182 953 2256 uoev‘et-
999 2187 1139 2256 multum
1156 2209 1238 2254 suae
1256 2185 1380 2256 deesse
1397 2186 1525 2254 doetri-
1595 2216 1596 2228 ἢ

420 2299 514 2344 uste.
534 2281 643 2346 Porro
661 2293 696 2346 et
712 2277 954 2357 Philolai,oo·
999 2301 1097 2358 nae,
1134 2283 1228 2345 uenit
1274 2277 1326 2344 ad
1369 2301 1524 2370 maguum

418 2367 542 2435 rinthii
582 2369 741 2458 scriptum
781 2367 953 2439 Thebanis
1004 2367 1215 2450 Graeciam,
1242 2369 1355 2462 ibique
1382 2371 1428 2438 ab
1452 2365 1525 2436 Ar·

419 2457 572 2546 politiam
582 2462 811 2550 cognoscimus
821 2485 861 2528 ex
872 2458 953 2527 Ari-
997 2457 1101 2545 cbyta
1119 2467 1291 2528 tarentino
1316 2479 1352 2530 et
1386 2465 1524 2530 Il'mueo
1593 2527 1603 2556 χ,

419 2547 538 2615 stotele
557 2553 638 2639 reip.
660 2553 705 2616 Il.
731 2577 781 2619 η.
803 2555 953 2618 Iutrsn·
997 2550 1147 2620 locrensi
1159 2551 1382 2648 Pythagorae
1399 2554 1525 2622 doctri·
1593 2555 1603 2576 '⁴

277 2657 280 2664 ’
421 2637 489 2704 situ
507 2663 652 2721 moneo,
671 2639 713 2706 sb
736 2639 843 2730 Asopi
860 2644 951 2707 ciui·
996 2667 1044 2708 na
1070 2643 1242 2725 eruditus,
1268 2647 1478 2740 elegantiam
1495 2656 1526 2710 et

421 2725 487 2795 hus
499 2729 739 2822 Aesculapium
756 2733 857 2798 deum
869 2731 952 2822 pul-
997 2733 1150 2824 leporem
1171 2729 1327 2804 Socratis
1338 2763 1413 2806 cum
1432 2735 1525 2802 tutus

420 2819 505 2888 chro
524 2825 659 2888 nomine
678 2819 882 2912 appellatum
894 2822 949 2888 fu·
995 2827 1130 2890 miscuit
1154 2824 1245 2893 disci
1266 2827 1375 2896 linis.
1402 2825 1525 2916 Confer

420 2911 486 2976 isse
509 2911 730 2993 Philoluum,
754 2917 850 3002 qussi
875 2917 950 2980 Pu·
994 2930 1028 2981 et
1040 2935 1215 3002 optutu.
1235 2855 1307 2984 lim
1317 2916 1527 3007 Augustinus

389 3049 396 3058 ,
418 2999 601 3071 hlieolum.
620 3007 829 3072 Pausanlll.
845 3031 900 3074 su.
994 3023 1110 3072 ooutru
1128 3010 1223 3076 seed.
1240 3010 1303 3075 Ill.
1327 3009 1396 3100 37:
1424 3009 1528 3075 Plato
1598 3015 1599 3018 ’

469 3092 521 3186 (1)
558 3096 648 3189 Lege
684 3097 884 3164 Pausaniam
918 3097 948 3161 I.
993 3097 1121 3166 dicitur
1134 3116 1215 3191 post
1231 3115 1379 3168 mortem
1398 3095 1528 3168 Socra·

422 3183 479 3265 30,
498 3209 560 3252 nec
578 3211 648 3254 non
665 3184 878 3254 Athenaeum
895 3207 949 3257 xt.
997 3192 1041 3254 tis
1057 3194 1214 3281 magistri
1241 3197 1318 3270 sui,
1337 3207 1439 3284 qrsem
1456 3195 1528 3258 εἰη·

424 3281 465 3343 15
481 3321 491 3356 ,
505 3279 565 3366 qui
577 3280 753 3368 ceteroqui
764 3295 952 3367 postremus
993 3279 1163 3372 gulariter
1178 3281 1381 3364 dilexerat,
1413 3309 1437 3349 a
1457 3282 1534 3368 Py-

333 3421 350 3432 .
421 3383 541 3433 auctor
564 3366 782 3435 uehementer
800 3366 952 3457 prolixe·
997 3369 1173 3460 thagoreis
1200 3377 1306 3442 etiam
1333 3377 1442 3443 multa
1470 3372 1523 3438 di-

419 3475 488 3546 que
507 3457 682 3523 inuehitur
699 3459 735 3522 in
752 3457 950 3546 Plutonem.
998 3460 1125 3527 dicisse
1140 3511 1148 3527 .
1163 3461 1273 3553 Igitur
1290 3465 1461 3533 adiicieus
1477 3465 1523 3529 le-

428 3585 432 3592 ·
467 3543 521 3638 (s)
547 3545 749 3638 Dialogosne
767 3545 951 3638 intelligit,
994 3553 1077 3640 pori
1104 3553 1349 3650 subtilitatique
1379 3557 1523 3625 socrati·

420 3637 459 3700 in
482 3637 602 3728 qrcibus
618 3639 867 3728 omnibusfere
880 3635 954 3705 So·
998 3665 1062 3707 cae
1081 3643 1287 3714 naturalium
1305 3649 1522 3718 diuinarum·

419 3743 534 3794 crates
549 3733 779 3822 exprimitur,
798 3747 839 3795 ut
856 3727 952 3797 Tul-

1020 3757 1062 3800 ιω
1102 3759 1215 3803 rerum
1252 3744 1431 3809 scientiam
1458 3751 1518 3802 etc·
1601 3797 1602 3804 ,

418 3811 459 3880 lii
495 3819 607 3885 uerbis
637 3821 779 3888 uterde
816 3823 950 3894 onlll.
998 3755 1139 3893 ltcmC.
1154 3829 1197 3894 D.
1213 3827 1430 3914 vithlsEt
1446 3829 1520 3920 quia
1601 3813 1603 3832 ³

278 3945 283 3963 .
418 3905 473 3991 4?
503 3933 545 3976 sn
570 3912 780 4002 omnigenam
802 3909 954 4004 philoso-
997 3919 1196 4008 magistrum
1215 3917 1395 3990 Socratem
1413 3925 1522 4010 siugu-

419 3999 557 4088 phium,
582 4005 633 4068 uti
657 4003 813 4069 ohserust
835 4004 953 4070 Sextus
998 4004 1121 4074 lariter
1137 4009 1307 4104 diligebat
1320 4015 1519 4092 Plato,eum

419 4112 507 4181 emp.
537 4091 596 4160 lib.
619 4095 645 4160 1.
677 4111 804 4161 conuu-
823 4092 951 4187 logicos
994 4097 1188 4189 loquentem
1193 4107 1280 4190 fere
1310 4108 1348 4170 in
1371 4099 1520 4172 omuibus

385 4263 400 4282 x
419 4199 500 4249 sect.
515 4195 567 4275 9?
996 4191 1208 4258 sermonibus
1247 4197 1317 4261 suis
1338 4199 1482 4284 faciens
1509 4233 1519 4268 s

467 4273 521 4365 (3)
542 4277 640 4343 Hunc
650 4275 821 4344 Ciceronis
834 4272 950 4343 locum
994 4285 1099 4346 etiam
1117 4281 1179 4349 illa
1198 4299 1261 4349 etc.
1272 4309 1348 4355 cum
1365 4289 1457 4358 ilh'us
1470 4281 1520 4351 le·

421 4357 541 4454 legisse
553 4368 712 4434 uideutur
724 4365 951 4459 Hieronymus
990 4393 1080 4465 pore
1098 4377 1330 4468 temperarit.

422 4469 458 4520 et
472 4453 708 4551 Augustinus,
731 4458 826 4552 quod
843 4475 883 4528 ut
894 4459 958 4530 de·
1186 4469 1188 4474 '
1319 4457 1333 4477 ⁴
