3276 5660
501 512 526 578 t
556 514 570 577 1
596 514 620 576 n
645 515 724 579 su
759 513 825 581 tu.
1124 485 1213 576 235
1256 557 1260 562 .

104 627 266 717 ducunt
288 627 550 719 frumentum
573 663 703 720 manu
727 660 929 752 quaerere
947 663 958 719 ε
976 630 1116 749 itaque
1141 663 1216 718 ar-

99 781 201 860 mati
219 779 376 864 alienos
392 807 514 898 agros
532 776 752 866 demetunt
769 805 815 872 (ι)
826 845 836 863 .
847 778 939 868 Nos
956 807 1059 865 uero
1075 777 1215 864 iustis·-

99 918 194 1002 simi
213 918 434 1028 homines,
458 921 534 1039 qui
553 944 599 1012 (a)
616 918 890 1034 transalpinas
915 922 1049 1038 gentis
1074 917 1213 1004 oleam

97 1065 284 1150 et-uitem
302 1096 437 1152 serere
454 1095 541 1150 non
558 1065 757 1170 sinimus,
780 1093 867 1180 quo
885 1063 1018 1178 pluris
1036 1064 1118 1150 sint
1135 1091 1215 1146 no-

94 1219 187 1283 stra'
204 1193 359 1286 oliueta
377 1226 626 1321 nostraeque
643 1206 866 1292 uineaeor:
891 1203 1012 1320 quod
1029 1233 1133 1322 qum
1150 1201 1233 1322 sa·-

95 1340 286 1448 ciamus,
318 1337 551 1458 prudenter
575 1343 710 1430 facere
735 1340 919 1430 dicimur
944 1402 958 1451 ‚
992 1345 1100 1428 iuste
1126 1369 1215 1426 non

96 1476 326 1592 dioillmur3
361 1507 408 1568 ut
438 1482 689 1602 intellegatis
715 1483 953 1599 discrepare
982 1483 1036 1568 ab
1060 1483 1213 1602 aequi·-
1244 1487 1276 1548 Ρ·
1300 1485 1370 1548 ²⁰3·

93 1639 176 1706 tute
202 1619 444 1739 sapientiam
461 1648 509 1722 (3)
528 1691 539 1712 .
572 1625 792 1744 Lycurgus
818 1647 957 1711 autem
976 1625 1049 1712 ille
1067 1624 1213 1742 legum

94 1785 366 1875 optumarum
398 1790 440 1853 et
463 1769 715 1885 aequissumi
740 1767 842 1852 iuris
867 1769 1068 1850 inuentor
1091 1791 1213 1880 agros
1267 1765 1270 1774 ’

93 1901 370 2021 locupletium
396 1905 512 2023 plebi
529 1928 576 1992 ut
594 1907 763 1992 seruitio
782 1905 984 1993 colendos
1009 1903 1127 1990 dedit
1144 1923 1214 1994 (t).

154 2047 215 2134 X.
259 2050 423 2136 Geneia
461 2080 565 2136 uero
603 2051 638 2136 si
674 2049 808 2134 uelim
845 2050 948 2134 iuris
978 2111 992 2158 ,
1039 2049 1215 2134 institu-

93 2205 278 2298 torum„
309 2219 480 2278 morum
521 2191 963 2308 consuetudinumque
996 2188 1214 2276 describe-

92 2327 176 2436 re,
211 2363 299 2418 non
331 2332 465 2420 morlo
490 2338 533 2420 in
565 2357 630 2419 tot
661 2330 859 2454 gentibus
891 2337 1035 2440 uaria,
1067 2330 1216 2422 sedin

91 2503 175 2558 una
193 2475 299 2564 urbe
317 2538 330 2585 ‚
362 2480 433 2566 uel
452 2482 496 2566 in
513 2479 588 2566 hac
607 2482 693 2593 ipsa
711 2538 725 2585 ‚
756 2477 943 2563 milliens
960 2501 1116 2564 mutata
1134 2453 1218 2576 def,

92 2624 361 2726 nroustrem;
402 2644 449 2708 ut
480 2621 549 2708 hic
582 2623 687 2708 iuris
719 2643 861 2710 noster
896 2623 1098 2740 interpres
1131 2620 1218 2706 alia'
1274 2733 1276 2744 Υ

93 2763 215 2846 nime·
234 2759 432 2849 Manilius
456 2764 547 2848 iura
565 2759 679 2849 dicat
704 2791 791 2847 esse
816 2758 872 2846 de
888 2761 1127 2874 mutilianum
1147 2758 1210 2843 le·
1242 2760 1275 2820 Ρ·
1296 2764 1367 2831 ²⁰4·

75 2977 79 2986 ’
134 2957 181 3028 (a)
206 2950 414 3014 Omittendunr
437 2953 559 3012 uidetur
580 2959 653 3032 an'.

91 3102 194 3176 atque
213 3086 396 3154 stobaeum
411 3115 431 3152 .’
447 3088 531 3152 llem
547 3107 628 3151 rno-
673 3086 936 3150 uitiaRoman'os
948 3085 1055 3149 Poeni
1069 3107 1211 3152 excesse-

90 3179 142 3242 do'
153 3176 336 3242 confirmat
356 3179 478 3245 Cicero
494 3226 502 3241 .
673 3191 779 3256 runt,
794 3176 877 3240 dum
891 3173 983 3238 omui
996 3171 1094 3250 cultu
1107 3197 1148 3238 ac
1159 3198 1207 3240 se-

138 3261 194 3360 (r')
221 3267 277 3336 Sic
289 3271 385 3336 siunt
398 3270 569 3337 Diodorus
589 3285 627 3334 r.
677 3269 768 3334 tione
811 3265 986 3333 Sardiniae
1023 3263 1213 3334 interdixe-

94 3359 149 3442 32,
162 3377 198 3429 et
211 3361 372 3430 Nicoleus
386 3364 605 3430 damascenus
618 3382 641 3426 .·
674 3375 780 3439 runt,
800 3373 840 3425 ut
858 3357 904 3423 uit
921 3351 1120 3423 Aristoteles
1132 3360 1212 3426 mir.

137 3451 193 3546 (a)
218 3453 374 3523 Notande
393 3455 478 3523 haec
498 3455 629 3521 Rorna-
676 3453 755 3520 aud.
783 3451 876 3544 .708.

92 3565 217 3614 norunt
229 3550 400 3631 seueritas,
415 3571 501 3638 quae
513 3561 627 3614 temen
721 3475 781 3638 (dl
801 3546 886 3612 Rem
904 3538 1050 3633 explicet
1062 3540 1214 3608 Lactan-

92 3635 222 3707 diutins
234 3663 303 3710 nou
316 3641 454 3709 uidetur
465 3663 625 3732 perseue-
673 3637 740 3704 tius
764 3639 841 3703 inst.
858 3635 957 3721 vul,
971 3634 1213 3726 etepit.1.vtt.

92 3733 241 3824 rauisse.
268 3731 396 3824 Utique
420 3732 530 3800 multo
549 3747 626 3822 post
675 3727 885 3798 Contradicit
910 3729 1031 3797 Cicero
1044 3725 1099 3793 off.
1120 3729 1165 3793 Il.
1178 3727 1212 3797 3.

91 3821 306 3891 Domitianus
319 3829 355 3892 in
366 3825 552 3916 prouinciis
566 3827 630 3890 erra¹
674 3867 708 3912 ι,
728 3823 792 3887 ΙΙΙ.
812 3827 871 3894 ιός
892 3833 926 3885 et
945 3821 1100 3890 Socrates
1119 3819 1215 3907 apud

90 3928 142 3978 tra
162 3913 297 3981 ltaliam
315 3917 464 3983 multum
493 3917 629 3982 uineto-
673 3843 830 4001 ilenoph.
855 3931 996 3978 memor.
1024 3911 1088 3985 Ill.
1116 3931 1150 4000 9.
1178 3913 1212 3977 ⁵.

90 4025 169 4072 rum
182 4007 311 4074 succidi
322 4010 429 4075 iussit.
444 4005 575 4077 Suetin
585 4027 625 4072 eo
672 4003 771 4072 Plato
786 4003 926 4094 quidem
939 4001 1030 4090 apud
1045 3998 1211 4068 cieofft.

91 4118 240 4190 capsur
253 4123 355 4190 quam
366 4097 477 4193 legem
487 4094 625 4168 sustulit
678 4093 1075 4192 r9scientiamaiustitia
1097 4113 1213 4158 remo·

91 4191 246 4260 Probus.
274 4195 412 4284 Vopiso.
432 4195 468 4260 iu
488 4215 528 4260 eo
548 4213 621 4280 cap.
669 4184 1211 4276 tam‚celliditatempotiusquem

92 4285 306 4370 ivutvns
323 4283 438 4380 legum
457 4284 624 4353 eiusmodi
668 4285 867 4374 sapientiem
898 4279 945 4345 ait
980 4299 1050 4346 esse
1085 4273 1210 4370 appel-

92 4393 205 4468 gentes
248 4375 380 4467 aliquot
415 4379 499 4444 noui
534 4375 625 4443 orbis
670 4374 829 4447 landam.

90 4467 253 4562 nuperius
272 4485 509 4562 pesuerunt.
538 4469 627 4543 Sae-
718 4465 774 4564 (4)
797 4461 930 4606 Heloqis
949 4461 1104 4538 scilicet.
