3272 5658
503 481 724 586 lieuu
773 480 837 586 vr.
1130 491 1222 581 325

94 643 251 719 ultimis
271 654 336 718 aut
359 643 540 745 aquilonis
575 646 733 719 austriae
754 640 923 744 partibus
954 647 1061 712 tuum
1089 663 1226 712 nomeu

91 758 261 840 audiet?
291 765 423 868 quibus
454 768 683 867 amputatis,
713 765 829 837 cernis
857 762 1055 866 profecto,
1080 759 1226 862 quantis

89 888 133 960 iu
160 891 341 987 angustiis
359 905 476 963 uestra
497 888 610 988 gloria
630 913 667 962 se
684 886 830 960 dilatari
849 885 964 958 uelit.
982 885 1059 985 Ipsi
1076 899 1223 974 eutem,

94 1011 163 1112 qui
183 1011 234 1084 de
253 1011 363 1086 uobis
385 1012 613 1113 loquuntur,
640 1008 817 1110 quamdiu
834 986 1063 1108 loquentur?
1134 1081 1139 1090 ,

99 1167 102 1174 ·
148 1137 270 1209 XXI.
300 1136 520 1226 Quinetiam
532 1136 562 1208 si
576 1136 703 1234 cupiet
720 1133 844 1234 proles
858 1117 918 1204 illa
933 1131 1143 1207 futurorum
1155 1131 1225 1203 ho-

89 1257 251 1331 minum
264 1256 437 1356 deinceps
448 1255 573 1328 laudes
586 1255 871 1353 uniuscuiusque
886 1266 1058 1326 nostrum
1073 1251 1225 1353 epatri-

91 1376 168 1450 bus
191 1389 367 1475 acceptas
382 1376 538 1476 posteris
556 1372 740 1474 prodere,
762 1387 885 1447 tamen
903 1389 1057 1475 propter
1079 1373 1227 1448 eluuio-

96 1523 164 1572 nes
177 1499 462 1598 exustionesque
475 1510 654 1569 terrarum
664 1549 674 1587 ,
685 1521 776 1596 quas
789 1495 955 1569 accidere
970 1511 1137 1598 tempore
1151 1519 1231 1566 cer·

97 1639 141 1698 to
163 1641 314 1694 neeesse
332 1634 387 1694 est
402 1624 447 1688 (a)
463 1675 475 1714 ,
492 1643 566 1692 uon
580 1617 697 1692 modo
713 1633 896 1693 aeteruum
913 1673 924 1714 ,
942 1620 1067 1694 sedne
1085 1617 1230 1690 dietae

99 1765 193 1816 nam
216 1743 367 1842 quidem
386 1741 541 1840 gloriam
561 1739 711 1841 adsequi
728 1765 952 1841 possumus.
981 1739 1081 1832 Quid
1104 1754 1230 1814 autern

98 1869 284 1957 interest,
308 1862 354 1934 ab
376 1863 442 1956 iis,
460 1863 524 1962 qui
545 1875 674 1961 postea
692 1877 911 1956 nascentur,
944 1885 1151 1934 sermonem
1173 1859 1231 1930 so-

100 2009 140 2058 re
152 1983 275 2081 dete,
293 2007 377 2057 eum
393 1983 439 2058 ab
453 1983 498 2057 iis
509 1980 630 2057 nullus
644 1982 753 2058 fuerit
769 2039 774 2056 .
790 1984 854 2085 qui
873 1995 956 2056 aute
966 1983 1042 2056 nati
1056 1983 1131 2054 aiat
1144 1983 1191 2050 (b)
1209 1973 1231 2054 ?

9 2183 17 2192 ,
101 2110 170 2211 qui
188 2087 259 2181 neo
279 2110 497 2208 pauciores,
525 2121 563 2180 et
582 2121 677 2181 certe
694 2107 866 2182 meliores
887 2107 1034 2181 luerunt
1052 2107 1148 2180 uiri.

158 2231 295 2305 XXll'.
324 2231 419 2304 Corn
447 2229 664 2330 praesertim
690 2229 790 2330 apud
809 2255 874 2303 eos
893 2232 1024 2329 ipsos,
1054 2227 1227 2329 aquibus

104 2351 230 2426 audiri
250 2376 388 2423 nomen
409 2366 579 2424 nostrum
601 2363 755 2450 potest,
784 2377 895 2426 nemo
915 2351 1023 2424 unius
1044 2350 1128 2424 armi
1147 2377 1231 2426 me-

103 2476 276 2550 moriam
295 2475 470 2573 consequi
485 2473 626 2574 possit:
639 2473 807 2548 homines
818 2475 918 2547 enim
931 2471 1236 2575 populariteran-

106 2623 201 2669 num
222 2593 484 2668 tautummodo
498 2593 609 2687 solis,
634 2595 745 2670 idest
764 2597 870 2669 unius
888 2597 1003 2692 astri,
1020 2597 1140 2672 reditu
1155 2625 1232 2674 me·

110 2718 277 2790 tiuntur:
291 2740 377 2788 cum
390 2730 512 2788 autem
526 2713 574 2786 ad
585 2711 705 2808 idem,
719 2714 815 2788 unde
829 2714 940 2789 semel
956 2717 1121 2815 prosecta
1135 2735 1233 2816 suut,

105 2849 247 2912 cuncta
267 2849 364 2908 astra
386 2835 587 2929 redierint,
616 2835 842 2936 eandemque
862 2835 975 2909 totius
999 2839 1083 2910 anni
1099 2838 1237 2913 descri-

105 2963 282 3062 ptionem
299 2955 419 3053 longis
435 2955 634 3032 interuallis
655 2957 868 3052 retulerint,
883 2971 964 3031 turn
978 2958 1039 3032 ille
1059 2987 1141 3036 uere
1152 2989 1235 3039 uer·-
1308 3031 1312 3038 .

110 3097 193 3158 tens
212 3106 325 3152 annus
339 3077 516 3178 appellari
537 3091 682 3177 potest=
710 3080 749 3150 in
766 3105 842 3179 quo
860 3080 924 3154 uix
942 3079 1064 3156 dicere
1082 3085 1201 3160 audeo
1220 3143 1234 3182 ‚

112 3227 231 3306 quam
252 3196 368 3271 multa
386 3195 528 3270 saecula
548 3197 744 3270 hominum
769 3213 959 3273 teneantur
977 3257 986 3273 .
1005 3202 1176 3305 Namque
1194 3222 1236 3281 ut

112 3323 211 3399 olim
225 3320 381 3395 deficere
397 3319 454 3393 sol
467 3320 682 3395 hominibus
695 3322 929 3424 extinguique
945 3326 1045 3400 uisus
1057 3339 1132 3424 est,
1146 3351 1233 3400 oum

112 3441 268 3524 Romuli
281 3441 425 3515 animus
439 3442 528 3514 haec
542 3442 620 3541 ipsa
636 3441 674 3516 in
688 3442 825 3545 templa
838 3447 1112 3545 penetrauitqita
1122 3475 1236 3552 quan7

117 3568 243 3668 doque
260 3565 388 3639 eadem
405 3581 507 3666 parte
521 3563 579 3640 sol
589 3564 791 3667 eodemque
805 3582 972 3669 tempore
984 3571 1116 3646 iterum
1131 3573 1257 3648 desem

122 3688 315 3780 cer·it,tum
330 3685 440 3786 signis
454 3685 626 3760 omnibus
641 3683 686 3758 ad
699 3686 797 3760 idem
810 3689 1039 3792 principium
1052 3687 1237 3796 stellisque

117 3811 324 3903 reuocatis,
338 3808 527 3908 expletum
544 3833 681 3880 annum
698 3807 834 3881 habeto
845 3809 970 3886 :liuius
986 3812 1135 3912 quidem
1152 3817 1237 3888 anni

117 3931 287 4007 noudum
304 3921 519 4027 uige'simam
539 3941 683 4028 partem
708 3927 803 4002 scito
823 3953 900 4002 esse
919 3955 1134 4004 conuersum
1154 3939 1224 4012 (ι),

162 4116 210 4180 (a)
234 4109 315 4164 Haeo
340 4103 411 4160 item
433 4115 500 4159 sunt
529 4125 544 4159 a
570 4101 709 4161 Platone.
733 4101 842 4161 Conler
868 4104 974 4164 tusca.
1000 4107 1125 4194 praelat.
1154 4112 1192 4171 ad
1210 4115 1234 4172 l.

121 4190 226 4249 chron.
270 4191 313 4262 (b)
336 4190 416 4245 Haec
432 4199 500 4243 sunt
517 4207 533 4242 a
551 4187 689 4244 Lucretio
707 4187 760 4247 lll.
779 4186 848 4263 985.

114 4411 121 4424 ¹
158 4333 213 4430 (r)
233 4335 353 4404 Annus
367 4335 662 4404 mundanuscom·
706 4359 783 4404 rum
810 4341 1006 4428 quindecim
1035 4341 1166 4426 millia,
1197 4311 1235 4416 ul

123 4430 286 4522 plectitur
308 4425 526 4524 popularium
550 4451 661 4502 aanor
706 4429 842 4524 physici
869 4433 964 4506 aiunt
982 4437 1074 4530 apud
1099 4435 1235 4513 Maero-
