3314 5658
541 545 545 574 ,
1097 489 1231 558 ‘xxiii

113 622 157 672 se
178 597 391 676 Ciceronem
407 585 453 664 30
470 591 647 688 republica
660 613 676 662 .’
694 593 935 688 lafhrtunutas
956 619 1036 670 vero
1055 611 1095 668 et
1108 602 1232 674 immae
1267 629 1279 638 ·

114 713 308 782 motabiles
326 717 423 784 lt'ras
441 711 557 782 dicam
575 733 623 780 an
642 709 769 784 milites
786 732 834 776 un
850 707 941 778 alios
963 715 1141 802 quospiam
1170 715 1234 778 in-

112 822 228 910 gratis
238 817 435 888 diis'editos
448 817 676 912 botniacs,qui
686 841 728 884 ec
741 813 901 884 thesauro
915 813 1102 884 litteratum
1114 815 1234 894 orbem

90 929 385 1014 *irater-verterunt
395 972 406 1008 ‚
418 949 560 1018 quorum
579 941 651 994 tam
665 923 937 1008 dt'rumfacr'nus
954 921 1050 992 nulla
1069 945 1236 1014 reparare

113 1034 331 1106 saecolorum
351 1040 483 1126 poterit
499 1038 665 1104 successio
681 1081 689 1100 .
709 1027 784 1100 Sed
807 1028 965 1098 dolorem
983 1052 1060 1096 eum
1078 1027 1167 1094 alibi
1183 1023 1248 1094 τοί

113 1141 285 1212 sentimur
299 1191 308 1208 .
322 1141 449 1210 -Idem
467 1139 626 1208 Barthius
645 1135 800 1206 oculatus
818 1137 909 1205 testis
928 1135 1072 1202 Daumio
1085 1155 1236 1200 armasse

118 1247 247 1316 dieitur
267 1243 322 1340 (v)
343 1265 420 1314 ante
439 1243 571 1314 bellum
600 1238 784 1312 tricennale
812 1241 954 1310 extitisse
973 1242 1010 1306 in
1029 1237 1239 1318 bibliothece

122 1353 275 1426 liddensi
297 1355 334 1422 in
352 1353 484 1446 aliquot
509 1351 741 1426 voluminibus
764 1350 1027 1432 membranaceis
1057 1346 1165 1416 libros
1193 1348 1237 1414 de

119 1487 192 1556 rep.
210 1465 406 1546 Ciceronis,
427 1486 512 1556 qnos
529 1463 679 1532 rnilitum
690 1461 877 1556 petulantia
897 1459 1110 1551 discerpserit
1128 1457 1239 1546 equis-

122 1593 189 1662 que
207 1572 452 1642 substraverit:
477 1572 513 1642 id
534 1573 627 1664 quod
645 1570 767 1640 lacuna
793 1570 1006 1662 capacissima
1024 1585 1059 1636 et
1076 1555 1239 1630 tituli'li-

121 1677 266 1748 brorum
283 1677 521 1750 loculamentis
539 1681 693 1772 inscripti
712 1696 787 1771 post
806 1676 903 1744 illam
921 1675 1140 1752 vastationem
1156 1668 1238 1738 bel-

120 1786 226 1856 licam
243 1789 460 1880 probaverint
481 1839 489 1858 .
509 1785 663 1880 -Atque
682 1789 745 1872 hi,
775 1804 809 1855 et
832 1789 922 1880 siqui
938 1783 1076 1852 luerunt
1094 1779 1175 1862 alii,
1195 1779 1238 1846 de

121 1892 188 1962 hac
206 1917 244 1962 re
263 1917 416 1964 rumores
427 1939 438 1978 2
451 1894 537 1962 mihi
554 1895 713 1964 videntur
731 1915 852 1960 eorum
871 1886 995 1956 similes
1009 1935 1019 1970 ‚
1035 1887 1095 1976 qui
1113 1887 1155 1954 de
1180 1880 1239 1950 Ul·

118 1999 237 2095 philae
255 2001 473 2095 gothicorum
489 1999 678 2068 bibliorum
691 2043 702 2082 ‚
714 2013 848 2091 praeter
868 1993 957 2062 illud
976 2015 1137 2075 evaeum,
1152 2011 1241 2060 novo

122 2110 298 2179 volumine
316 2109 434 2182 multis
451 2109 536 2178 locis
554 2132 593 2178 ac
613 2105 820 2201 temporibus
838 2107 934 2188 viso«,
953 2105 1182 2194 nequicquam
1200 2121 1243 2168 ae

121 2220 261 2291 fortasse
280 2235 406 2288 temere
424 2217 631 2288 disseminati
649 2231 753 2291 sums
776 2230 810 2280 et
829 2234 914 2302 quos
937 2234 999 2304 ego
1023 2212 1094 2300 ipse
1118 2230 1242 2274 recen-

121 2332 199 2412 sui,
213 2353 295 2403 cum
310 2324 470 2418 Ulphilae
489 2343 599 2417 partes
618 2323 805 2417 incognitas
816 2316 1003 2395 Mediolani
1021 2319 1167 2408 denique
1181 2317 1242 2382 in-

72 2427 77 2434 ’
122 2457 238 2508 ventas
256 2439 439 2522 nunciavi,
471 2455 656 2529 earumque
680 2432 851 2526 specimen
874 2451 954 2520 cum
971 2449 1045 2500 meo
1064 2427 1163 2500 Satio
1181 2421 1243 2492 lit·

62 2613 68 2622 ,
123 2548 329 2618 ‚teretissimo
348 2545 440 2616 edidi
461 2595 469 2612 .
541 2605 543 2608 .
1044 2587 1048 2594 -

167 2659 270 2728 VIII.
282 2656 452 2724 Enarratis
465 2654 555 2722 circa
567 2676 661 2744 spem
669 2650 864 2742 reperiundi
875 2645 1011 2718 tulliani
1023 2647 1065 2716 dc
1078 2669 1149 2736 rep.
1159 2664 1240 2732 ope⁴
1298 2650 1463 2738 quandonam

6 2821 7 2862 3
120 2774 170 2842 ris
187 2770 281 2838 vanis
300 2765 518 2846 rumoribus,
538 2763 691 2854 sequitur
710 2776 748 2826 ut
766 2759 808 2826 de
827 2767 947 2826 nostro
961 2755 1097 2824 invento
1116 2755 1244 2822 dicen-2
1271 2724 1463 2862 ἀξζιζζξζᾞ

124 2882 212 2954 dam
228 2899 298 2944 esse
314 2875 468 2944 videatur
482 2921 491 2940 .
523 2873 557 2940 Is
575 2885 625 2938 est
637 2869 742 2938 codex
758 2867 931 2935 vaticanus
948 2863 1183 2934 membraneus
1201 2858 1238 2922 in
1268 2865 1446 2951 bistonum

125 2983 189 3058 tol.
212 2998 421 3052 vmocctvu
442 3023 452 3061 ,
477 2977 625 3046 secundi
642 2974 809 3066 scripturi
826 2969 1009 3066 Augustini
1034 2983 1246 3047 curamenta·=
1271 2953 1380 2992 '‘¹¹⁸⁸“

125 3099 223 3170 riam
237 3119 297 3164 seu
315 3095 425 3162 varios
443 3105 604 3158 tractatus
622 3089 659 3154 in
675 3085 819 3178 psalmos
837 3083 1031 3161 continens,
1051 3079 1163 3167 priore
1182 3099 1246 3143 au·.

126 3206 384 3278 tcmlibrorutu
401 3199 514 3273 Tullii
532 3197 755 3288 politicorum
768 3190 953 3282 reliquias:
973 3208 1075 3276 quem
1094 3183 1250 3256 codicem

129 3319 167 3384 in
184 3313 312 3404 oppido
330 3312 497 3400 Ligurum
516 3302 623 3369 Balsio
641 3301 803 3364 exstitisse
830 3293 949 3374 0100,Ι
965 3292 1065 3358 docet
1090 3288 1162 3356 eius
1188 3290 1249 3364 ita-2

130 3421 271 3512 scriptio
299 3415 390 3484 liber
415 3438 445 3480 s.
465 3405 673 3479 columbani
700 3402 748 3471 de
776 3399 917 3476 Bobioa
941 3419 1028 3490 quae
1050 3393 1153 3463 verba
1184 3418 1249 3463 vea.

126 3549 202 3601 tere
221 3527 408 3595 admodum
424 3543 528 3589 manu
546 3531 679 3587 exarata
697 3530 777 3582 sunt
795 3505 1250 3579 incunctisse1·ebobieosi·t

131 3647 201 3713 hus
219 3637 419 3720 codicibus,
452 3651 599 3726 quorum
627 3649 703 3719 pars
721 3625 865 3692 maxima
881 3623 919 3687 in
934 3615 1143 3686 bibliothece
1170 3636 1251 3682 am·-

130 3752 288 3820 hrosiana
311 3740 502 3813 Mediolani
519 3761 612 3808 nunc
630 3753 699 3816 est,
718 3755 801 3824 ’pars
819 3727 885 3794 aliu
903 3727 941 3793 in
963 3726 1055 3820 regia
1073 3723 1250 3790 taurinen-

132 3861 163 3926 si
177 3849 412 3928 bibliothecas
430 3847 569 3941 exiguus
587 3844 733 3933 denique
758 3835 976 3905 numerueiu
993 3832 1154 3900 vaticanis
1172 3827 1249 3918 plu·

135 3961 198 4032 teis
215 3973 368 4028 servatur
383 4005 391 4022 .
409 3954 588 4024 Praedicta
607 3943 782 4036 inscriptio
800 3943 935 4008 videtur
954 3937 1080 4006 saeculi
1097 3936 1167 4002 lere
1186 3935 1254 4004 de-.

131 4069 214 4136 simi
227 4113 237 4150 ‚
250 4088 320 4156 quo
332 4065 495 4130 nimirum
505 4076 657 4147 tempore
671 4051 842 4120 confectus
855 4045 1006 4130 creditur
1024 4039 1085 4108 ille
1103 4039 1255 4108 bobien-r

133 4181 178 4247 sis
196 4173 424 4246 bibliothecae
443 4169 640 4263 caulogus,
658 4183 761 4257 quem
777 4154 988 4231 Muratorius
1005 4145 1156 4240 vulgavit
1168 4143 1247 4242 (a).

174 4389 222 4458 (t)
246 4379 338 4460 apua
357 4353 550 4436 statutum
563 4367 668 4435 sumt·
750 4365 798 4434 (α)
820 4342 1255 4432 anttqsut.metaturae:

132 4467 290 4552 scellaaeis
308 4461 578 4554 cap-ruttupap
659 4515 662 4524 ,
707 4437 828 4530 pisi·
847 4437 968 4514 dissat
984 4453 1081 4523 amq
1128 4483 1132 4492 .

295 4779 322 4842 Χ
