3286 5658
459 535 610 613 'irs
635 547 711 616 sn
735 543 879 620 *tim*
1123 543 1217 655 '28'9

103 650 208 738 -Cum
225 664 342 740 artem
357 661 543 740 ludicram
562 689 782 770 scenamque
797 651 1076 771 'totam'prohro
1094 677 1140 744 (a)
1159 678 1227 752 du·
1251 655 1256 664 ⁴

106 799 260 882 terent,
287 813 398 886 genas
416 789 458 863 id
473 789 670 864 hominum
687 817 762 865 non
780 792 898 876 modo
915 791 1058 869 honore
1083 797 1226 876 ciuium

103 903 340 1008 reliquomm
354 935 478 985 carere
492 909 556 1006 (ὂ),
569 911 633 988 sed
651 913 764 987 etiam
782 913 880 988 tribu
898 915 1042 988 moueri
1061 919 1227 994 notatio·
1336 979 1345 1012 t

109 1052 157 1104 ne
176 1033 342 1106 censoria
362 1029 557 1108 uoluerunt
572 1039 644 1108 (Ι).
664 1033 907 1140 Augustinus
928 1038 1031 1112 C-D.
1052 1039 1157 1118 1113
1172 1049 1227 1118 (ε).

182 1157 293 1257 Quid
312 1169 439 1230 autam
452 1157 544 1238 irinc
562 1164 752 1233 senserint
769 1161 933 1236 Romani
949 1176 1127 1258 ueteres,
1153 1165 1224 1239 Ci-

104 1300 193 1356 cero
213 1289 376 1351 tenatur
400 1276 594 1372 inlibris,
635 1303 731 1380 qnos
748 1277 796 1351 de
810 1281 1022 1380 republica
1041 1289 1227 1386 scripsit,
1303 1383 1311 1395 ι

103 1396 174 1471 ubi
188 1391 326 1497 Scipio
345 1395 546 1498 disputans
560 1392 645 1470 eit:
671 1394 885 1498 Numquam
899 1400 1139 1496 comoediae,
1155 1400 1225 1482 nisi

103 1512 333 1592 consuetudo
349 1515 444 1589 uitae
459 1519 665 1620 pateretur,
691 1517 851 1620 probam
868 1543 932 1594 sua
951 1519 1101 1596 theatris
1121 1522 1225 1624 flagi·

108 1733 198 1775 teror
222 1720 332 1779 animis
348 1737 447 1780 omnes
464 1719 627 1786 tendamur
642 1719 774 1778 insidiae
785 1723 834 1779 uei
850 1721 886 1780 ab
896 1725 937 1782 iis
950 1743 1027 1804 qttos
1044 1727 1131 1786 motio
1149 1747 1227 1786 aare·

106 1805 221 1858 meroni
230 1842 240 1869 ,
249 1805 303 1878 qui
311 1812 425 1861 teneros
433 1813 462 1860 ei
470 1805 562 1862 medes
571 1807 710 1877 inficiunt
718 1804 890 1880 reflectunt,
901 1817 934 1863 ut
944 1809 1067 1866 rtohmt.
1090 1815 1135 1880 (a)
1151 1809 1224 1869 Var.

107 1878 178 1942 lect.
195 1889 229 1944 in
242 1885 375 1961 probro.
399 1885 444 1956 (b)
462 1887 757 1945 Puta.iaciendorum
768 1882 1006 1967 stipendiorum,
1021 1899 1055 1947 ut
1065 1888 1106 1949 ait
1125 1889 1229 1954 Liuius

110 1983 214 2034 ‚vitm-
245 1974 284 2040 (e)
303 1965 413 2028 Confer
432 1969 520 2052 etiarn
536 1971 659 2029 c.1).11.
679 1991 728 2061 η,
749 1989 798 2054 ⁹9·

150 2128 204 2230 (t)
231 2139 282 2212 De
301 2141 380 2207 artis
399 2141 550 2224 scenicae
570 2141 641 2208 ini·
686 2141 738 2212 uit
758 2141 879 2211 Cicero
893 2141 928 2208 in
951 2135 1016 2208 hae
1029 2139 1223 2212 inuentione

105 2224 160 2291 tiis
184 2233 274 2320 apud
306 2235 472 2302 Romanos
502 2235 640 2326 insignis
687 2233 887 2314 scribenda,
908 2235 1104 2323 praesertim
1116 2257 1226 2323 quum

105 2320 261 2408 copiosus
288 2349 329 2390 ue
359 2342 409 2394 est
427 2327 519 2392 Liuii
542 2325 639 2392 locus
686 2347 760 2395 eam
791 2327 910 2392 recitet
937 2324 1052 2411 Scipio
1085 2327 1226 2402 Catonis

104 2423 178 2478 vlt.
199 2439 234 2492 a,
255 2345 315 2482 tihi
343 2433 435 2484 recte
463 2417 641 2509 distinguit
687 2415 895 2508 discipulus.
918 2417 1005 2485 Sane
1023 2439 1140 2481 reeens
1153 2429 1227 2484 erat

104 2492 287 2573 histriones
300 2507 343 2574 ah
362 2509 532 2578 actoribus
551 2507 642 2576 atel·
689 2507 829 2577 Nasicae
841 2507 1005 2596 Scipionis
1019 2504 1224 2596 exemplum,

104 2585 264 2663 lanarum
299 2623 310 2673 ς
345 2599 475 2689 hosque
512 2617 644 2688 postre-
691 2600 752 2688 qui
772 2597 946 2687 lapideum
961 2597 1131 2664 theatrum
1150 2597 1226 2670 fieri

104 2703 178 2752 mos
201 2705 302 2781 negat
322 2691 413 2757 tribu
432 2693 563 2758 moueri
581 2713 642 2757 so·
687 2705 864 2757 uetuerat.
886 2689 1013 2760 Confer
1045 2692 1122 2784 Liu.
1144 2694 1226 2782 epit.

103 2769 208 2844 litoss
238 2803 366 2874 exque
398 2785 616 2874 consequitur
630 2789 643 2866 ‚'
689 2780 1226 2872 xnv111;Vellei.1.15;Ap-
1279 2813 1288 2832 ·

105 2873 249 2939 uteribu
268 2875 640 2943 mouerenturhistrio-
686 2877 776 2966 pian.
797 2873 836 2938 B.
851 2875 892 2944 C.
913 2875 940 2940 I.
963 2875 1019 2948 s8;
1040 2871 1157 2940 Valet.
1173 2875 1224 2944 M.

104 2979 186 3044 nes,
206 2966 301 3054 quod
324 2965 400 3032 heic
427 2969 474 3028 ait
493 2967 638 3034 Cicero.
688 2965 733 3030 II.
757 2961 789 3048 4.
813 2987 845 3039 at
865 2961 1044 3057 Augustin.
1069 2968 1110 3033 G.
1130 2966 1173 3031 D.
1195 2969 1225 3035 l.
1326 3047 1328 3052 ,

105 3049 642 3146 Descenicisoriginihuslibrum
688 3055 754 3130 313
788 3053 886 3122 Oros.
909 3075 961 3122 lv.
984 3080 1039 3124 αι.
1066 3055 1226 3124 Profecto
1274 3099 1279 3110 ·

105 3138 271 3211 Varronis
289 3159 476 3212 memorant
502 3146 643 3213 Seruius
689 3144 804 3212 decuit
829 3142 990 3210 Tullium
1019 3148 1056 3212 in
1084 3143 1227 3232 politico

113 3235 272 3330 G.1.19,
292 3253 326 3304 et
345 3235 551 3306 Censorinus
567 3259 638 3325 cap.
690 3257 790 3326 opere
804 3233 908 3300 uerba
928 3235 969 3302 de
981 3233 1114 3302 theatro
1133 3231 1229 3304 face-s

107 3343 209 3412 xvii,
231 3351 338 3421 eoque
365 3333 450 3399 dum
474 3349 558 3418 opus
575 3349 642 3418 po-
689 3350 747 3406 re,
772 3326 869 3394 cuius
888 3349 1019 3420 semper
1043 3325 1230 3418 plurimam

106 3415 244 3492 litieum
267 3437 484 3514 componeret
502 3419 640 3488 sortasse
688 3419 1139 3514 curamprincipesrerump.
1152 3444 1229 3514 ges-

108 3533 189 3582 usus
208 3533 259 3586 est
277 3518 420 3596 Cicero,
446 3532 485 3581 ut
517 3510 642 3608 colligo
690 3528 827 3580 serunt.
860 3511 988 3583 Confer
1011 3513 1087 3584 cod.
1109 3513 1229 3604 theod.¹

111 3626 151 3672 ex
171 3630 224 3702 ep.
252 3612 295 3678 ad
313 3606 384 3675 Au.
402 3613 456 3674 1'v.
482 3605 532 3693 ¹4·
552 3607 643 3673 Fru·
689 3623 756 3675 xv.
778 3629 798 3702 7
819 3605 861 3674 de
880 3603 1021 3674 scenicis
1041 3630 1052 3682 ς
1073 3605 1227 3674 Cassiod.

108 3713 177 3765 stra
196 3717 311 3770 autem
327 3715 428 3793 negat
445 3697 643 3767 Macrobius
689 3697 992 3766 uar.1.2o.111.51.
1009 3695 1226 3784 triumfo.

108 3807 169 3858 sat.
183 3795 230 3864 11.
256 3815 316 3876 ro,
335 3793 548 3859 histrioniam
574 3791 644 3855 Ro·
691 3805 745 3855 vt.
769 3788 800 3873 4.
815 3789 1227 3884 v11.to;Symm.ep.x.4.

109 3899 184 3952 mae
227 3903 362 3976 turpem
393 3883 517 3950 fuisse.
549 3881 646 3945 ldeni
692 3881 969 3948 neutrumne
980 3903 1063 3946 uero
1075 3881 1230 3969 estquod

109 3973 332 4045 nihilominus
351 3991 469 4042 eontra
500 3969 644 4038 saltandi
693 3972 814 4040 Cicero
842 3969 967 4042 theatri
984 3969 1148 4036 insaniam
1169 3973 1228 4034 ui-

111 4072 364 4138 meditationem
376 4062 548 4133 nobilibus
568 4062 646 4152 qui·
693 4071 851 4153 teperet,
889 4081 992 4217 Tuam
1026 4059 1228 4134 christianae

111 4151 255 4228 busdam
283 4157 484 4230 familiarem
516 4153 647 4243 profert
693 4175 761 4245 quo
789 4173 900 4220 ueecc
917 4153 1002 4218 esiae
1016 4153 1130 4220 Patres
1150 4171 1228 4222 tan·

110 4247 282 4342 Scipionis
300 4253 404 4321 nostri
418 4249 548 4316 lautam
565 4267 648 4336 para
695 4249 738 4313 tis
758 4175 963 4312 ilamorihus
981 4267 1020 4310 ac
1039 4243 1148 4310 ueluti
1173 4245 1228 4312 ef·-

112 4341 254 4411 tioulam
277 4344 460 4422 orationis,
497 4341 644 4428 itemque
690 4338 773 4404 fusis
798 4337 902 4404 totius
928 4337 1055 4426 ingenii
1076 4335 1227 4404 sontibus

110 4428 307 4506 breuiorem
325 4433 462 4505 Catonis
477 4459 486 4495 ε
506 4453 587 4519 quas
607 4451 646 4495 o·
692 4426 869 4518 deplorant
882 4473 892 4507 ,
906 4447 990 4516 quos
1004 4429 1091 4493 inter
1104 4423 1226 4519 Augu·

109 4525 257 4603 stiones
281 4529 350 4606 sine
381 4525 486 4600 dubio
503 4518 647 4616 expilt-
693 4521 800 4627 sunus
818 4521 854 4588 in
869 4515 965 4590 libris
978 4519 1019 4588 de
1033 4519 1119 4604 C.D;
1131 4523 1225 4596 ‘ren

880 4613 936 4742 ³7
