3276 5660
299 428 306 438 ’
426 447 522 549 2'26
766 481 829 544 nn
861 483 922 544 nc
955 477 1185 548 evantes

197 575 377 746 „4⁸¹qu
417 601 589 698 alieno!
627 595 755 688 Nunc
788 629 834 682 ea
860 595 1037 685 decada
1062 617 1158 682 sunt
1183 593 1245 682 ·L·
1269 593 1398 682 Furi'o
1428 593 1530 686 Pilo

212 744 385 886 ”iiiiii
417 772 523 860 ‘luae
541 737 776 830 Carneades
801 765 847 832 (1)
865 797 880 848 ,
912 769 1081 858 graecus
1098 737 1228 824 homo
1247 759 1289 823 et
1303 761 1527 826 consuetus
1625 789 1626 794 Ν

256 911 383 986 paginae
417 881 537 1004 quod
564 882 839 971 commodum
872 904 978 968 esset
1001 877 1140 968 uerbis
1163 877 1185 918 *
1214 897 1260 972 (b)
1286 880 1300 994 ΙΙ
1334 945 1528 972 .....

238 1006 382 1070 qualilol'·
418 1067 1339 1102 ·····················
1370 1071 1387 1104 ι
1419 1071 1431 1096 ⁸
1464 1073 1475 1096 e
1508 1073 1522 1098 ο

457 1233 502 1302 (α)
525 1227 633 1286 Utrum
650 1239 718 1285 note
738 1223 917 1314 <significet
931 1249 950 1286 v
961 1247 998 1284 an
1009 1249 1054 1298 vr,
1063 1225 1145 1285 baud
1156 1223 1257 1302 inepta
1266 1224 1304 1283 lis
1316 1224 1372 1284 luit
1383 1225 1461 1284 inter
1471 1247 1526 1284 aa·
1547 1253 1550 1258 ·
1625 1233 1626 1308 l

414 1308 577 1387 tiquarios,
588 1331 714 1388 quorum
731 1312 908 1370 recentiores
925 1309 1123 1388 significatum
1139 1309 1299 1367 secundum
1318 1321 1456 1368 tuentur.
1469 1314 1524 1368 Le·
1625 1349 1626 1394 p

412 1395 491 1480 qesis
501 1396 524 1450 F
527 1394 675 1451 abrettum
694 1395 781 1452 inser.
794 1415 823 1470 p.
834 1393 904 1464 5403
917 1393 1066 1452 Marcium
1075 1392 1144 1450 hist.
1157 1389 1231 1469 dipl.
1245 1411 1274 1468 p.
1284 1389 1349 1462 1355
1361 1391 1523 1453 Ritteeium

414 1475 453 1531 ad
472 1475 550 1552 prol.
565 1475 681 1535 Gotoir.
693 1477 759 1534 cod.
772 1475 873 1534 theod.
888 1495 986 1552 para
999 1477 1030 1532 in
1041 1477 1136 1544 notis;
1153 1473 1330 1552 praesertim
1349 1494 1420 1532 uero
1439 1479 1523 1534 Mau·
1625 1463 1626 1502 Ὗ

413 1557 493 1637 rinos
510 1577 578 1616 nou.
590 1570 676 1616 tract.
692 1559 766 1639 dipl.
781 1571 799 1616 t.
819 1559 873 1618 lll.
885 1578 914 1636 p.
927 1555 995 1616 513.
1007 1579 1069 1635 sqq.
1089 1562 1152 1634 Ego
1170 1557 1260 1636 plane
1279 1557 1437 1615 recentiori
1457 1579 1522 1614 sen-
1624 1587 1626 1638 g

410 1640 524 1697 tentiae
544 1639 698 1700 subscribo
716 1685 725 1712 ,
745 1641 786 1704 its
804 1653 835 1697 ut
850 1638 901 1698 hic
918 1639 956 1698 sit
973 1641 1127 1716 quaternio
1146 1659 1434 1700 xxvrrrnonxxrn.
1449 1641 1523 1700 Vidi

290 1773 292 1780 ,
408 1721 489 1780 enim
507 1723 617 1800 insigni
629 1736 775 1787 uetustate
787 1723 919 1782 codicem
933 1724 1082 1800 quendam
1099 1723 1286 1804 uaticanum,
1303 1721 1411 1782 litteris
1425 1724 1523 1781 maio-

411 1805 494 1867 ribus
519 1819 687 1878 exaratum,
706 1807 756 1870 ubi
774 1807 805 1864 in
822 1806 902 1864 calce
925 1825 1014 1862 mann
1031 1807 1131 1888 prisce
1148 1805 1289 1866 scribitur
1305 1807 1354 1864 liic
1370 1809 1444 1866 liber
1460 1809 1522 1865 lin-

408 1888 683 1969 sospitaserntones
701 1887 809 1974 κκκζ,
827 1901 890 1950 tum
912 1889 1015 1948 eadem
1035 1909 1124 1948 manu
1149 1889 1273 1950 additur
1295 1889 1448 1968 explicatis
1464 1889 1523 1948 lit-

257 2000 260 2014 ν
321 1969 322 1972 ’
408 1969 481 2048 teris
499 1980 625 2050 triginta
642 1985 670 2034 ei
688 1992 757 2034 sex:
778 1971 939 2050 eademque
961 1993 1082 2054 prorsus
1099 1971 1222 2053 scriptio
1238 1971 1272 2031 fit
1284 1973 1389 2031 iterum
1407 1973 1523 2033 ibidem

410 2053 471 2112 clia
488 2073 577 2112 manu
595 2056 715 2134 antiqua
732 2097 742 2124 ,
765 2053 852 2114 simul
871 2055 948 2113 notis
978 2055 1039 2114 illis
1060 2057 1282 2126 numeralibus,
1301 2057 1390 2115 simul
1410 2055 1522 2114 litteris

410 2139 499 2198 etiam
518 2137 689 2213 explicetis·
716 2141 780 2210 Quo
797 2137 911 2214 duplici
931 2139 1100 2198 testimonio
1123 2137 1198 2199 haec
1217 2159 1303 2200 causa
1322 2161 1357 2198 ae
1373 2140 1522 2204 iudicium

408 2216 488 2276 liniri
503 2219 640 2278 uidetur.
653 2224 704 2279 Est
715 2233 812 2278 autem
824 2220 855 2283 id
866 2239 1003 2299 graecum
1014 2224 1110 2306 ipsum
1125 2219 1300 2310 ἐπίσημον,
1322 2243 1381 2281 non
1398 2223 1524 2302 gothica

406 2300 460 2360 illa
471 2304 689 2384 quintadecima
702 2304 803 2362 littera
814 2325 887 2382 quae
905 2304 962 2368 hac
980 2308 1073 2366 forma
1084 2309 1231 2390 significat
1241 2316 1414 2387 sexaginta.
1435 2313 1524 2368 Cete-
1621 2341 1622 2364 t

407 2405 474 2444 rum
493 2387 574 2462 quod
592 2387 631 2460 ad
643 2385 720 2450 hanc
737 2390 911 2448 sententiam
926 2387 1101 2448 firmandam
1118 2396 1159 2456 ait
1178 2397 1331 2455 Fabrettus
1349 2391 1524 2468 repetitque
1558 2430 1567 2444 .
1621 2399 1622 2417 ¹

295 2525 300 2544 Ι
406 2457 571 2538 liuterius,
582 2489 740 2545 numquam
752 2483 877 2548 quatuor
886 2473 946 2530 llll
957 2473 1045 2531 subdi
1059 2491 1126 2554 post
1140 2475 1161 2562 ζ
1173 2523 1182 2549 ,
1194 2479 1227 2538 id
1237 2477 1357 2557 quidem
1371 2476 1459 2533 aliter
1468 2473 1522 2530 in·
1618 2497 1622 2566 Ι

409 2551 530 2608 tendum
547 2551 580 2606 fit
596 2551 627 2608 in
641 2551 699 2608 alio
716 2553 842 2622 saltem,
870 2573 957 2634 quem
983 2557 1054 2616 item
1072 2557 1225 2620 obseruaui
1235 2605 1244 2632 ,
1262 2560 1396 2620 uatioano
1414 2557 1522 2618 codice

406 2625 489 2690 baud
501 2632 685 2710 spernendae
700 2637 870 2706 uetustatis5
882 2638 1020 2701 mendum
1031 2641 1064 2703 id
1076 2654 1171 2702 tamen
1185 2643 1327 2724 sequioris
1338 2643 1398 2698 aeui
1415 2639 1520 2717 potius
1618 2647 1622 2724 l

405 2715 585 2786 existimem,
597 2735 684 2794 quarn
704 2729 735 2772 ut
745 2717 782 2776 ab
797 2718 1011 2800 illapraeclara
1027 2727 1189 2798 sententia,
1205 2747 1279 2805 quae
1292 2722 1461 2783 melioribus
1471 2723 1522 2778 ni-

404 2797 481 2855 lllur
490 2797 690 2858 fundaminis
703 2841 710 2866 s
723 2798 891 2863 discedam.
916 2804 961 2876 (b)
981 2805 1161 2866 Sententiam
1170 2813 1212 2870 sic
1221 2813 1283 2870 sere
1293 2809 1462 2867 continuare
1475 2805 1520 2863 li-

404 2893 468 2936 cet:
481 2896 549 2962 apte
557 2883 807 2960 conprehendere,
820 2905 889 2964 qum
898 2891 1099 2963 copiosissime
1108 2895 1268 2955 dissereret
1277 2935 1286 2964 ,
1296 2905 1392 2954 tannen
1401 2897 1518 2952 nostris

404 2963 575 3028 hominibus
585 3007 594 3036 ,
604 2973 682 3028 sciris
693 2967 781 3028 bonis
791 3011 800 3037 ,
805 2967 936 3050 probare
943 2976 1062 3030 minime
1067 2983 1179 3051 potnit.
1192 2983 1364 3038 Meminisse
1373 2982 1450 3034 essina
1459 2997 1520 3034 uos

403 3046 492 3105 eredo
503 3092 512 3118 ,
529 3071 593 3110 essm
603 3070 672 3127 pam
681 3051 797 3124 legatus
808 3052 845 3108 ab
855 3053 1086 3114 Atheniensibus
1097 3067 1217 3119 Romam
1227 3069 1339 3120 missas
1350 3072 1444 3128 esset,
1465 3064 1516 3116 ·P·
1618 3076 1622 3135 j

406 3133 549 3191 Cornelio
561 3139 615 3194 ’Μ’
624 3136 770 3192 Marcello
784 3155 860 3192 coss.
871 3177 881 3204 ,
891 3137 1030 3196 arsdiente
1041 3143 1138 3201 Galba
1147 3145 1317 3212 es'Catone,
1337 3145 1424 3202 scobis
1436 3163 1514 3221 qno.-
1621 3149 1622 3152 ’

401 3235 460 3291 qne
469 3235 597 3288 meeum,
608 3221 711 3298 Scipio
721 3229 750 3274 et
758 3221 842 3276 Laeli
852 3259 860 3286 ,
875 3223 1082 3296 praesentibus
1092 3268 1101 3294 ,
1112 3228 1268 3305 disputare
1275 3227 1314 3285 de
1321 3231 1441 3290 institia
1455 3239 1512 3284 etc.

400 3295 463 3354 Cic.
474 3297 511 3354 de
521 3299 816 3377 or.ll.37.tuec.1v.3.
830 3301 967 3360 ldemlll.
976 3305 1010 3362 18
1021 3307 1105 3382 ponit
1115 3309 1192 3367 inter
1202 3331 1259 3382 eos,
1268 3311 1318 3388 qui
1329 3311 1513 3370 Carneadem

404 3377 513 3436 Romae
531 3379 723 3450 endiucrunt,
735 3379 822 3438 etiam
840 3383 938 3440 Crassi
956 3405 1090 3445 socerum
1107 3393 1297 3463 Scaeuolam,
1317 3404 1383 3451 eum
1400 3392 1517 3452 scilicet

400 3459 508 3536 quibis
522 3463 559 3520 de
570 3481 631 3538 rep.
637 3462 764 3538 dialogis
776 3461 896 3522 interest
906 3466 963 3529 inin
973 3482 1067 3528 aetate
1077 3477 1257 3546 quaestorius
1268 3485 1280 3550 (
1290 3477 1327 3534 de
1338 3477 1427 3555 sepi.
1436 3499 1469 3536 ια
1478 3485 1511 3548 ).

399 3541 597 3618 lirgoannum
613 3543 802 3605 nuncsaltem
823 3567 922 3606 xxxvi
942 3551 1049 3626 agebat
1066 3555 1206 3616 Scaeuola
1217 3587 1225 3630 3
1236 3579 1331 3636 nequc
1345 3560 1424 3619 enim
1443 3573 1512 3618 ante
1620 3601 1622 3630 ,

400 3622 591 3682 decennalem
602 3639 726 3686 aetatem
737 3625 884 3684 audiuisse
893 3633 1076 3694 Carneadem
1087 3638 1251 3701 credendus
1262 3657 1304 3701 est
1313 3686 1318 3697 .
1328 3644 1401 3716 Quis
1413 3653 1510 3701 iernen
1621 3637 1622 3710 l

398 3703 535 3765 Ciceroni
548 3709 650 3765 credat
661 3751 670 3776 ,
680 3710 851 3768 Scaeuolam
863 3713 911 3788 qui
923 3713 1066 3774 idaetatis
1076 3717 1165 3779 suerit
1175 3767 1183 3792 ‚
1195 3725 1246 3782 illa
1256 3726 1427 3796 nobilitate,
1440 3739 1509 3784 tan.

397 3785 493 3867 tisque
503 3789 628 3869 opibus,
640 3790 669 3847 in
682 3805 837 3869 quaestura
850 3794 948 3855 adhuc
957 3798 1136 3862 substitisse?
1147 3807 1277 3868 Videtur
1287 3811 1381 3887 igitur
1388 3833 1509 3896 μνημο.

395 3869 483 3936 uteie
493 3875 643 3933 Ciceronis
664 3871 848 3966 eipeiprnpa3
858 3874 933 3937 sicut
944 3881 1023 3940 idem
1034 3885 1072 3943 de
1084 3905 1138 3945 am.
1153 3911 1198 3949 xn
1209 3893 1280 3952 lacit
1294 3897 1509 3961 ·C·Gracclrutn
1620 3879 1621 3902 ἶ

395 3958 527 4044 hocipso
544 3963 801 4040 anconitanum,
820 3964 869 4048 qui
888 3979 984 4026 tomen
993 3973 1109 4031 nonnisi
1127 3975 1331 4056 aliquotannis
1346 4001 1415 4062 post
1432 3989 1503 4052 fuit,
1620 4037 1621 4040 ,

1618 2956 1623 3011 l

334 4186 337 4202 ,
441 4121 495 4216 (t)
519 4125 722 4234 §warentem
741 4131 927 4200 orationem
971 4137 1108 4210 adeone
1127 4147 1292 4222 iustitiam
1312 4202 1322 4236 ‚
1347 4181 1368 4223 ο
1388 4149 1535 4246 Fue*

394 4223 681 4286 contrementium
692 4237 797 4288 totam
809 4249 827 4287 a
839 4225 926 4292 Car·
970 4231 1028 4296 uei
1039 4242 1155 4326 potius
1173 4267 1194 4308 o
1219 4244 1406 4316 Canreade
1421 4279 1506 4331 ,σιμ
1619 4255 1620 4270 ³

390 4311 497 4411 neade
519 4311 861 4400 sumpsisseTulliutn
873 4317 920 4381 ait
965 4326 1018 4388 ius
1030 4328 1153 4397 estilla
1173 4343 1285 4406 omnis
1302 4345 1415 4408 oratio
1438 4365 1502 4414 etc.
1619 4345 1620 4381 l

392 4395 498 4466 bbere
511 4403 706 4474 Lactantius
718 4407 849 4478 insuti.
867 4429 918 4506 ¹7?
964 4412 1032 4486 Sed
1051 4433 1162 4494 umen
1178 4425 1318 4522 interius
1337 4437 1502 4530 qauedam
