3314 5658
423 475 559 550 thlll

421 595 536 686 Atque
547 591 606 662 lsic
618 585 823 683 campaneis
836 585 910 661 aliis
922 589 1027 662 codex
1038 611 1187 685 quonam
1200 577 1466 685 temporeBcbic
1476 593 1536 666 ilo

422 726 516 772 marn
527 703 743 796 migraverit,
756 703 877 770 merito
890 706 1125 794 quaerendum
1135 719 1195 771 est.
1209 703 1363 795 Namque
1375 702 1412 769 in
1421 705 1538 794 primis

413 810 567 903 diaphodl
585 809 815 880 volaterranus
833 809 1007 878 bobienses
1024 808 1155 902 aliquot
1171 811 1305 879 codices
1327 809 1462 878 saeculo
1477 826 1534 878 xv

417 937 558 989 eretmte
576 921 719 987 Romam
743 914 922 985 translatos
947 935 1062 987 canat
1081 913 1157 1012 (ι).
1181 918 1211 985 Ii
1230 917 1371 985 codices·
1390 939 1537 1007 quuma
1574 911 1578 921 ’

415 1026 551 1098 Thoma
568 1024 725 1093 Phaedro
745 1027 887 1092 Romam
905 1023 1010 1093 delati
1027 1029 1117 1106 sint,
1138 1027 1198 1115 qui
1214 1027 1387 1094 vaticanae
1404 1025 1535 1096 biblio·

415 1136 534 1206 thecae
545 1157 676 1227 praeses
687 1130 754 1199 fuit
766 1149 799 1201 et
815 1132 1066 1224 pontificiarum
1077 1131 1269 1202 litterarum
1282 1136 1426 1224 scriptor
1440 1179 1450 1216 ‚
1465 1155 1539 1202 me·
1636 1171 1637 1184 ι

413 1244 480 1312 rito
493 1245 652 1312 videntur
670 1245 707 1309 in
724 1241 841 1310 eadem
855 1240 955 1309 fuisse
973 1237 1153 1318 collocati:
1168 1261 1375 1332 quamquam
1394 1239 1442 1304 ibi
1460 1237 1537 1330 ple·

411 1369 535 1441 rosque
551 1349 646 1419 haud
664 1365 776 1417 extare
794 1349 976 1430 satiarem,
991 1351 1071 1440 quia
1089 1347 1184 1417 clade
1196 1348 1334 1416 sortasse
1347 1347 1537 1418 horbouica

411 1463 474 1532 sub
506 1459 683 1534 Clemente
702 1479 760 1526 vn
782 1459 934 1550 corrupti
953 1459 1146 1526 distractive
1174 1456 1337 1526 luerunt.
1375 1457 1435 1527 llli
1461 1485 1539 1530 cer·

413 1585 446 1638 te
465 1570 599 1637 codices
626 1564 869 1634 bibliothecam
886 1565 1020 1636 SirtiV
1053 1565 1246 1632 vaticanam
1268 1585 1456 1655 numquam
1479 1567 1538 1636 in-

412 1675 518 1769 gressi
535 1673 719 1753 videntum
750 1673 843 1763 quod
862 1673 891 1738 si
908 1672 1105 1754 accidisset,
1135 1673 1159 1738 ii
1178 1673 1303 1762 primas
1322 1670 1422 1740 facile
1442 1673 1539 1741 sedes

411 1805 505 1851 nune
525 1794 750 1870 occuparent,
773 1777 828 1846 vel
847 1795 937 1846 certe
960 1777 996 1843 in
1013 1777 1219 1869 antiquiores
1239 1776 1540 1872 syllaboaluissent

410 1888 533 1972 relati,
552 1887 645 1978 quod
657 1901 819 1952 neutrum
831 1907 900 1950 esse
918 1883 1027 1951 video.
1043 1885 1173 1953 Rursus
1187 1883 1317 1976 aliquot
1337 1907 1436 1952 manu
1451 1886 1538 1952 scri-

409 2015 469 2089 pta
485 1992 660 2062 volumina
679 2017 697 2059 e
714 1990 931 2058 bobiensibus
950 1987 1074 2080 pluteis
1087 2015 1107 2056 a
1124 1987 1233 2058 Panlo
1244 1992 1277 2060 V
1291 1992 1328 2060 in
1346 1993 1540 2065 vaticmum

408 2105 573 2199 palatium
590 2101 692 2168 fuisse
710 2114 863 2166 sevocata
880 2098 984 2186 probe
998 2099 1173 2182 norimus,
1186 2122 1256 2191 quo
1271 2117 1420 2191 tempora
1434 2125 1538 2192 prae·

410 2207 544 2278 clarum
562 2204 651 2278 illud
670 2227 754 2295 opus
768 2202 973 2285 adornabat,
999 2205 1056 2269 cui
1067 2227 1193 2273 nomen
1209 2204 1290 2274 seoit
1305 2207 1463 2276 archium
1482 2233 1540 2276 se·
1640 2234 1641 2282 l

410 2333 543 2386 cretum
555 2311 770 2416 pontificium
784 2362 792 2377 .
807 2311 991 2401 Ceteroqui
1004 2328 1054 2378 est
1066 2311 1151 2378 mihi
1170 2313 1213 2381 ad
1231 2334 1350 2382 manus
1362 2311 1537 2410 catalogus
1640 2301 1641 2334 ³

411 2429 567 2518 copiosus
586 2424 743 2492 codicum
754 2443 839 2512 quos
852 2416 982 2487 Paulus
998 2416 1225 2488 bibliothecae
1235 2421 1407 2489 vaticanae
1427 2423 1538 2492 dona-

409 2535 475 2616 vit,
487 2537 524 2600 in
542 2555 611 2623 quo
629 2547 742 2598 tamen
753 2529 922 2597 bobiensis
933 2524 1050 2596 nullus
1069 2545 1118 2596 cst
1134 2579 1141 2596 .
1159 2529 1251 2616 Quin
1262 2529 1346 2598 adeo
1359 2529 1538 2600 bobienses

293 2659 298 2668 ’
410 2644 526 2710 cuncti
550 2639 704 2722 codices,
728 2663 819 2707 nunc
837 2639 1001 2719 vaticani,
1021 2655 1161 2706 stemma
1178 2637 1306 2706 hahent
1328 2638 1535 2731 impressum
1641 2631 1642 2642 ¹

410 2750 570 2842 Gregorii
583 2769 651 2832 xv,
661 2747 721 2838 qui
734 2745 842 2814 Paulo
853 2749 1012 2814 successit
1022 2793 1032 2829 ,
1044 2769 1187 2840 necnon
1206 2745 1386 2816 cardinalis
1397 2749 1538 2838 Scipio-

411 2862 463 2929 nis
481 2857 744 2950 Cobellutii‚qui
756 2858 818 2924 sub
831 2874 977 2948 utroque
988 2855 1146 2946 pontifice
1157 2855 1409 2934 bibliothecarii
1422 2881 1539 2929 mune·
1642 2927 1643 2930 ,

408 2993 446 3040 re
464 2967 601 3035 functus
619 2984 692 3036 est.
715 2967 787 3059 Ego
806 2967 910 3059 igitur
922 2968 958 3032 in
972 2955 1064 3052 ,hanc
1077 2962 1175 3032 facile
1187 2967 1387 3034 sententiam
1402 2991 1536 3038 couce-

366 3169 370 3173 .
411 3077 456 3144 do
470 3091 509 3142 ut
521 3075 585 3142 suh
604 3073 709 3142 initiis
727 3069 855 3142 saeculi
875 3070 991 3172 χιιι(
1005 3095 1073 3163 quo
1092 3089 1243 3163 tempore
1261 3088 1311 3142 tot
1328 3071 1388 3140 alii
1400 3075 1538 3146 codices

408 3181 453 3250 ad
470 3181 677 3250 Federicum
700 3181 793 3250 card.
804 3181 1047 3250 Borr·ornaeum
1066 3179 1174 3248 Bobio
1191 3178 1426 3250 Mediolanum
1442 3181 1537 3250 missi

408 3287 570 3374 suerum)
584 3287 861 3375 augustinianum
871 3287 1025 3348 codicem
1035 3283 1144 3348 Paulo
1156 3283 1189 3348 V
1200 3309 1218 3345 a
1230 3286 1448 3354 bobiensibus
1458 3310 1515 3356 mo
1527 3315 1537 3336 ·

407 3389 526 3460 nachis
536 3386 719 3454 interulios
730 3383 885 3452 oblatum
897 3386 1056 3462 credetne
1077 3386 1137 3476 qui
1147 3407 1225 3453 mor
1236 3395 1434 3460 successoris
1446 3417 1538 3485 pon·

408 3493 509 3562 tificis
520 3495 614 3560 iussu
625 3489 795 3584 eleganter
808 3491 975 3581 compacti
988 3491 1164 3581 ornatique
1175 3489 1302 3560 sinesin
1320 3497 1410 3562 enim
1420 3497 1539 3588 pleris.

408 3625 474 3693 que
483 3600 642 3680 vaticanis
654 3595 825 3666 codicssrus
836 3597 1009 3688 configisse
1019 3596 1279 3686 video,quorum
1291 3601 1487 3674 memoratio
1498 3621 1534 3674 et

408 3725 547 3778 ornatus
558 3729 628 3773 non
639 3706 738 3773 unius
751 3703 919 3796 pontilicis
934 3725 1018 3794 opus
1038 3720 1098 3770 est.
1113 3703 1259 3774 Codices
1275 3705 1451 3778 bobienses
1465 3709 1535 3780 ali·

373 3847 377 3858 ·
407 3833 492 3910 quot
505 3816 544 3882 in
553 3817 703 3882 vaticana
711 3808 919 3880 bibliotheca
933 3811 1088 3880 macuvit
1098 3809 1148 3879 vir
1160 3807 1394 3882 cl.Faustinas
1401 3809 1533 3884 Areva·

405 3926 461 3996 lus
480 3951 497 3991 e
516 3923 671 3994 Soc.Iesu
685 3966 696 4003 ,
710 3943 832 4012 eosque
851 3919 966 3988 insuia
979 3915 1228 4013 prolegomenis
1247 3919 1434 3990 isidorianis
1452 3947 1528 4017 cap.

406 4052 479 4106 xcv
487 4051 531 4100 ιιι
545 4029 723 4118 descripsit
732 4052 744 4106 ς
754 4028 790 4094 in
801 4026 855 4095 his
868 4043 979 4096 tamen
991 4025 1223 4119 palimpsestos
1235 4029 1341 4110 duos,
1355 4054 1475 4122 nempe
1486 4037 1531 4104 de

404 4166 476 4232 rep.
490 4155 524 4205 et
543 4138 751 4205 Frontonem
769 4121 886 4202 videre
905 4155 975 4206 non
992 4136 1122 4228 potuit,
1140 4136 1219 4228 quia
1238 4139 1378 4208 materia
1397 4139 1448 4208 his
1467 4167 1531 4212 su..

404 4244 574 4344 perposita
593 4265 661 4309 non
678 4259 728 4354 est
741 4243 914 4326 Isidorus,
933 4243 1030 4315 cuius
1043 4245 1141 4318 unite
1154 4246 1301 4320 tutioris
1314 4243 1375 4319 isse
1394 4251 1533 4332 codices¹

446 4417 876 4504 otGeopapuloaaau
892 4417 1012 4515 butu*
1048 4505 1050 4510 Ι
1108 4505 1113 4516 .
