3276 5660
787 331 826 366 N.

408 465 497 554 268

670 595 795 674 stunt
820 606 872 674 ttt
892 608 952 676 nn
970 608 1027 678 ue
1044 591 1248 678 evnntcl

543 759 771 836 rnleururr
790 785 974 838 rurnnrtr
995 785 1095 836 senrs
1116 785 1212 835 trun
1233 782 1368 836 vastos

739 906 931 960 sucronns
951 905 1171 960 rxrlurtt.

479 1068 677 1144 xxxvt-
696 1057 766 1142 Est
783 1063 894 1164 igitur
906 1061 1085 1168 quiddam
1106 1059 1357 1137 turbulentum
1378 1061 1418 1137 in
1439 1054 1515 1136 ho·-

400 1189 561 1266 minibns
589 1187 765 1290 singulis,
794 1187 898 1290 quod
926 1185 986 1260 uel
1015 1183 1175 1264 exsultat
1201 1183 1393 1288 uoluptate
1419 1240 1432 1282 ,
1457 1185 1517 1262 uel

401 1307 572 1392 molestia
596 1310 793 1413 frangitur.
819 1307 974 1390 Nonius
988 1337 1075 1390 troc.
1092 1311 1291 1389 exstdtare
1313 1315 1387 1384 (a),

479 1439 551 1512 Sed
574 1453 616 1510 ut
639 1437 711 1537 ipsi
739 1459 800 1509 seu
824 1433 990 1507 animum
1017 1423 1272 1536 periclitantur
1298 1457 1360 1508 seu
1388 1433 1518 1510 uident

363 1557 366 1568 '
398 1555 488 1663 quid
508 1585 545 1634 se
561 1571 691 1658 putent
705 1583 782 1632 esse
798 1553 962 1630 tacturos
981 1547 1048 1628 (ὃ).
1074 1555 1230 1634 Nonius
1252 1581 1338 1634 uoc.
1350 1563 1515 1659 pericu·

401 1680 479 1757 lum
498 1697 538 1754 et
549 1680 768 1780 periclitari
786 1727 798 1752 a

483 1799 687 1876 Phoenices
706 1807 748 1871 tc)
776 1791 890 1901 primi
920 1791 1138 1876 mercaturis
1163 1806 1201 1873 et
1232 1793 1417 1876 mercibus
1438 1800 1518 1876 suis

400 1930 593 2008 auaritiam
609 1943 647 2002 et
662 1926 970 2025 magnificentiam
988 1941 1026 2001 et
1041 1925 1279 2029 inexplebiles
1299 1927 1525 2032 cupiditates

400 2051 569 2130 omnium
589 2077 712 2172 rerum
736 2057 1021 2152 exportanerunt
1046 2041 1086 2142 ‚in
1109 2049 1332 2130 Graeciam.
1360 2051 1518 2134 Nonnu

398 2199 486 2252 troc.
498 2202 609 2251 merx
624 2231 634 2248 .

478 2293 760 2398 Sardanapallus
776 2317 841 2369 rex
857 2292 1097 2396 Assyriorum
1113 2291 1324 2372 luxuriosus
1340 2351 1353 2390 ‚
1373 2292 1419 2370 de
1437 2323 1520 2402 quo

399 2419 543 2500 Tullius
560 2423 598 2496 in
616 2423 723 2495 tertio
740 2405 785 2492 de
806 2445 843 2510 re
863 2417 1015 2520 publica
1033 2420 1089 2494 sic
1106 2409 1185 2495 aits
1212 2463 1234 2480 ·
1267 2413 1522 2522 Sardanapal-

398 2540 457 2616 lus
472 2539 532 2614 itte
545 2540 646 2648 uitiis
663 2538 783 2612 multo
800 2564 912 2640 qnam
931 2542 1082 2616 nomine
1106 2543 1191 2646 ipso
1211 2539 1414 2619 desonnior
1436 2543 1522 2620 (d).

378 2773 382 2778 ἡ
397 2663 635 2745 scholiastes
650 2655 852 2740 Ittuennlis
866 2664 921 2738 ad
937 2682 1009 2739 sut.
1027 2685 1067 2746 r.
1087 2665 1178 2774 362.

411 2860 414 2868 ,
444 2809 490 2872 (a)
512 2801 644 2858 Ptimutn
661 2817 783 2865 moneo,
805 2796 963 2855 trarietates
980 2795 1068 2876 huius
1095 2785 1153 2858 loci
1179 2794 1211 2856 in
1238 2795 1389 2872 codicibus
1420 2801 1521 2860 Nonii

400 2884 547 2944 usticanis
564 2901 624 2940 esse
641 2881 711 2940 has:
737 2879 887 2958 quoddam
909 2885 965 2956 pro
987 2883 1156 2960 qtticldmn,
1176 2889 1308 2944 castelle!
1335 2901 1390 2961 pro
1406 2889 1523 2944 easaet-

401 2978 448 3028 ἰαί
461 2981 489 3027 et
508 2971 646 3026 extritae.
671 2969 853 3038 Quamquam
875 2961 981 3022 melior
997 2957 1086 3022 lectio
1105 2964 1268 3026 editionum
1285 2965 1475 3026 confirmatur
1501 2991 1523 3026 ι

399 3041 549 3110 nonnullis
569 3071 602 3106 ex
619 3047 666 3106 bis
687 3043 851 3106 codicibus.
872 3043 988 3104 Deinde
1006 3039 1052 3104 aio
1062 3045 1162 3118 ,hunc
1178 3048 1276 3108 locum
1291 3047 1321 3106 in
1338 3047 1423 3109 Nonii
1442 3047 1523 3109 edi-

398 3127 531 3193 tionibus
545 3125 749 3211 plantiniana,
771 3121 916 3208 parisiaea
925 3174 934 3200 ‚
947 3144 975 3188 et
993 3125 1218 3212 gotofrediana,
1236 3127 1365 3210 itemque
1380 3131 1408 3189 in
1425 3133 1523 3190 codi-
1622 3194 1627 3213 1

401 3218 483 3277 cibus
502 3216 589 3294 Nonii
608 3213 752 3274 anticanis
768 3221 908 3292 (praeter
923 3221 1034 3286 unum)
1053 3205 1136 3272 citari
1158 3237 1190 3274 er
1200 3211 1313 3273 incerto
1329 3212 1405 3274 libro
1418 3213 1522 3274 'ruttit

399 3301 512 3380 derep.
524 3302 587 3375 Ego
604 3297 704 3375 itaque
722 3295 918 3373 fragmentum
936 3291 995 3356 hoc
1013 3295 1233 3357 collocantissem
1245 3297 1275 3356 in
1286 3295 1340 3356 tib.
1352 3301 1424 3368 lllr
1439 3299 1521 3369 ,ubi

400 3385 484 3443 allud
502 3395 545 3441 est
562 3402 596 3440 ex
612 3382 675 3460 ipso
687 3381 784 3439 Nonio
800 3380 855 3436 sub
873 3380 977 3436 eadem
994 3401 1066 3440 noce
1078 3387 1251 3454 exsultare,
1271 3381 1327 3440 nisi
1344 3381 1520 3459 praeclarus

400 3469 494 3526 codex
510 3463 802 3524 urbinus-uatieanus
820 3481 925 3520 caeru
939 3481 970 3540 p.
982 3462 1019 3544 75
1036 3463 1069 3520 id
1085 3465 1281 3544 fragmentum
1298 3459 1406 3526 diserte
1425 3467 1523 3526 tertio

397 3549 478 3606 libro
489 3551 526 3608 de
535 3569 596 3625 rep.
609 3547 791 3605 uindicaret.
805 3545 841 3601 Et
850 3544 971 3619 quidem
985 3546 1138 3606 uidebitur
1154 3547 1304 3627 pertinere
1321 3547 1360 3606 ad
1379 3545 1521 3626 prohoe-

399 3633 511 3699 mium,
527 3633 550 3688 ai
568 3629 708 3706 respicias
719 3629 780 3688 Cic.
793 3641 865 3686 tusc.
877 3628 1024 3688 lln'rtest
1039 3638 1071 3692 r'n
1087 3638 1198 3692 animis
1210 3633 1406 3710 omnitunsere
1416 3643 1521 3690 natu-

290 3719 295 3732 '
399 3713 438 3776 ra*
453 3719 542 3786 nulle
556 3714 719 3792 quoddam,
739 3713 900 3772 dunarum
917 3725 972 3771 etc.
989 3714 1044 3774 sed
1055 3725 1178 3792 praesto
1191 3728 1237 3775 est
1252 3719 1520 3777 deuteromium
1629 3716 1632 3727 '

397 3813 428 3860 et
441 3805 546 3877 regina
562 3806 662 3865 ratio,
674 3813 760 3876 ptrue
775 3790 882 3876 attufit
894 3799 1026 3874 perfecta
1043 3804 1143 3857 uirtus
1156 3841 1163 3854 .
1187 3801 1231 3872 (b)
1251 3801 1384 3858 Fortasse
1398 3795 1450 3856 hic
1466 3797 1520 3856 lo-

399 3887 451 3944 cus
460 3881 589 3961 pertinet
605 3879 643 3938 ad
659 3877 752 3938 Laelii
766 3900 929 3939 sermonem
945 3887 958 3951 (
968 3890 1120 3958 cap-xxv)
1133 3876 1185 3940 ubi
1204 3873 1279 3942 dixit
1295 3901 1344 3940 eos
1356 3877 1431 3940 iuste
1448 3900 1521 3940 ser-
1634 3879 1635 3884 '

377 4001 382 4014 ι
398 3969 463 4025 nire
481 3965 530 4044 qui
552 3966 596 4022 sui
615 3965 688 4022 iuris
706 3983 767 4022 asse
783 3974 949 4039 nequeunt.
991 3969 1034 4036 (c)
1052 3964 1097 4022 lta
1117 3961 1187 4026 edd.
1207 3963 1333 4044 plantin.
1353 3978 1382 4023 et
1405 3966 1520 4041 gotosr.
1635 4039 1636 4044 ἵ

399 4049 477 4110 Male
494 4047 582 4126 paris.
594 4053 696 4108 Poeni.
715 4045 872 4106 Coddnat.
891 4051 987 4106 Pione
1003 4045 1050 4103 uel
1067 4045 1165 4106 Penni
1181 4048 1400 4128 corruptissime
1410 4074 1420 4118 5
1437 4068 1521 4108 unus

399 4147 497 4192 autern
514 4131 590 4190 nihil
607 4130 778 4189 hebetante
792 4133 902 4208 primi.
926 4132 974 4202 (d,
996 4129 1143 4208 Inprimis
1158 4131 1302 4200 obseruo,
1316 4129 1415 4190 locum
1432 4129 1521 4191 bunc

397 4216 676 4280 Ciceronisleetum
695 4211 785 4270 tuisse
798 4211 887 4268 etiam
898 4212 949 4269 abs
962 4208 1141 4290 Hieronymo
1150 4214 1306 4292 prologum
1316 4213 1410 4274 lib-ll.
1425 4213 1456 4270 in
1468 4215 1520 4276 Α·
1635 4205 1636 4228 ’

399 4300 568 4368 bacuc,‘ubi
580 4297 634 4354 ait:
654 4298 897 4374 Sardanapallus
906 4299 1031 4356 insultet
1040 4303 1158 4373 turpior
1173 4305 1261 4358 uitiis
1278 4317 1365 4378 quam
1383 4303 1514 4360 nomine.

401 4383 567 4444 Tumhaud
576 4381 637 4439 scio
648 4401 683 4436 an
695 4378 777 4437 locus
787 4377 939 4456 ponendus
951 4377 988 4434 sit
1004 4379 1032 4436 in
1051 4379 1202 4458 Scipionis!
1213 4403 1346 4442 sermone
1363 4395 1431 4438 ante
1449 4401 1519 4456 cap.

386 4465 543 4567 'rixanti
553 4466 593 4524 de
601 4478 725 4547 tyranno
737 4481 832 4568 sumo
841 4460 906 4527 tut.
918 4464 981 4526 tun
991 4461 1029 4528 de
1039 4463 1246 4550 Sardanapalli
1255 4465 1433 4557 etymologia
1441 4463 1521 4524 satis
