3286 5658
435 481 525 571 282
773 503 836 572 nn
867 494 930 562 ne
964 499 1193 568 rvnnron

505 619 576 692 VI.
606 614 790 692 Censoris·
801 613 984 702 iudicium
1003 613 1097 716 nihil
1114 615 1187 692 lere
1202 618 1248 686 (a)
1270 609 1445 686 damnato
1469 603 1547 684 nisi

426 737 601 816 ruborem
617 736 766 816 ⁴ndlert.
794 737 921 838 ltaque
943 752 985 811 ut
1006 737 1129 814 omnis
1152 762 1192 810 ea
1215 729 1394 808 iudicatio
1419 757 1546 830 nerse,

432 871 492 932 tur
516 856 776 934 tantummodo
800 857 1030 954 innomine,
1057 855 1330 948 auinieduersio
1354 847 1418 928 illa
1435 854 1544 953 igno·

424 982 539 1059 minio
559 979 788 1055 dictumest
807 989 819 1050 t
825 991 877 1055 ¹).
901 983 1057 1070 Nonius
1073 1007 1161 1070 uno.
1179 983 1407 1081 ignominia.
1436 1010 1439 1016 ·
1536 1065 1541 1074 Ι

501 1109 645 1185 Horum
655 1105 754 1180 enim
769 1113 809 1180 (0)
826 1106 1055 1180 seueritatem
1068 1105 1206 1183 dicitur
1225 1103 1451 1178 inhorruisse
1462 1103 1540 1202 pri-

424 1254 530 1307 mum
563 1229 692 1304 ciuitas
713 1233 779 1300 (ι).
798 1229 953 1306 Nonius
975 1255 1062 1306 noc.
1090 1225 1319 1316 horrendum
1347 1240 1387 1298 er
1414 1226 1542 1302 horri-

355 1366 360 1388 ¹
424 1355 538 1430 dum.

498 1487 577 1560 Nec
605 1509 695 1560 uero
715 1483 929 1560 mulieribus
947 1486 1155 1588 praefectus
1180 1498 1450 1586 praeponatur,
1479 1483 1544 1584 qui

421 1608 522 1714 apud
539 1611 701 1682 Graecos
725 1610 839 1682 creari
855 1607 951 1684 solet
968 1608 1042 1706 (333
1072 1609 1137 1684 sed
1166 1609 1214 1683 sit
1238 1633 1369 1682 censor
1392 1607 1456 1708 qui
1478 1609 1542 1680 ui-
1567 1589 1570 1594 ¹

423 1759 485 1812 ros
502 1731 635 1806 doceat
657 1729 843 1837 moderori
860 1731 1036 1807 uxoribus
1052 1731 1099 1804 (d)
1120 1733 1166 1802 (l)
1183 1787 1193 1804 .
1209 1733 1363 1808 Nonius
1374 1729 1421 1804 de
1435 1759 1545 1826 nune.

423 1873 466 1932 et
480 1885 560 1941 car.
594 1919 597 1926 ,

469 2018 516 2082 (a)
535 2016 625 2070 Ferre
640 2005 752 2067 hebent
770 2029 836 2068 cum
855 2007 1036 2072 editionibus
1056 2009 1172 2070 codices
1197 2005 1286 2066 Nonii
1309 2023 1409 2064 omnes
1429 2007 1544 2068 uarice.

421 2093 452 2156 ni
464 2137 470 2148 .
484 2095 520 2154 ln
536 2091 797 2172 plantininnomeo
808 2092 967 2170 exemplari
986 2097 1033 2154 uir
1052 2093 1157 2152 doetus
1175 2091 1392 2174 emendutsere
1409 2101 1437 2144 et
1456 2091 1542 2151 dein·

423 2177 462 2236 de
479 2178 587 2255 qffizrt:
601 2195 674 2252 quae
691 2175 755 2234 iure
774 2175 940 2233 emendatio
959 2175 1022 2236 fieri
1040 2177 1181 2244 uidetur,
1199 2174 1375 2252 praesertim
1393 2173 1462 2248 quia
1481 2187 1543 2236 tam

421 2261 454 2318 in
472 2260 526 2318 illa
546 2259 703 2330 editione,
727 2279 816 2334 quam
836 2257 867 2315 in
885 2257 992 2334 gotolr.
1021 2260 1143 2320 additur
1164 2271 1337 2336 corruptum
1359 2255 1542 2320 uocabulum

420 2345 566 2420 offerrem
583 2343 630 2400 uel
647 2341 794 2418 offirent,
811 2361 918 2418 exque
940 2339 974 2400 fit
991 2343 1096 2402 merito
1107 2339 1223 2418 adsere.
1245 2339 1324 2410 sed,
1335 2351 1368 2396 ut
1385 2337 1467 2408 dixi,
1494 2364 1543 2401 00-

421 2427 502 2488 dices
518 2425 738 2500 habentserre,
759 2423 821 2482 sine
839 2423 902 2482 ullo
921 2426 1143 2484 additamento.
1179 2427 1224 2504 (b)
1247 2423 1371 2482 Codices
1398 2419 1538 2500 plerique

421 2508 670 2566 omittuntdicta.
717 2512 760 2580 (c)
786 2507 862 2564 Edd.
879 2506 992 2566 habent
1009 2517 1043 2569 in
1058 2531 1115 2588 pro
1134 2518 1228 2569 cium.¹
1274 2507 1321 2580 (d)
1346 2505 1377 2564 Si
1399 2507 1540 2584 respicias

418 2592 460 2648 ud
477 2590 609 2652 Gellium
627 2587 723 2656 κὰδ,
749 2589 832 2646 locus
859 2589 1011 2649 uidebitur
1029 2588 1071 2668 sic
1096 2585 1311 2654 continuandus
1327 2591 1448 2670 Catonis
1468 2611 1544 2650 uer*-

422 2674 487 2734 bis:
508 2679 570 2732 uiri
588 2684 702 2740 aretem,
720 2673 895 2732 mulieribus
916 2677 1033 2734 indices
1046 2697 1103 2752 pro
1122 2696 1243 2736 censore
1259 2679 1341 2733 sint:
1363 2681 1540 2751 imperinm,

417 2759 501 2840 qnod
518 2757 656 2825 uidetur,
667 2755 812 2812 habeant:
831 2758 936 2834 siquid
948 2779 1089 2834 peruerse
1098 2759 1371 2842 taetreqnesnrtnm
1381 2769 1427 2818 osi
1443 2781 1539 2830 amre,-

418 2839 565 2912 iieribns‚
583 2841 746 2900 metirentur
755 2863 765 2910 5
789 2844 817 2897 si
835 2845 936 2898 ninum
946 2843 1084 2902 biberunt
1094 2855 1150 2902 etc.

416 2993 482 3061 Dio
508 2991 619 3086 chrys.
647 2989 830 3058 acerrimus
861 2989 952 3059 alio·
1046 2991 1098 3088 (3)
1124 2983 1288 3066 Praefecti
1334 2991 1537 3084 mulieribus

417 3082 478 3174 'qui
493 3084 630 3152 Homeri
643 3083 951 3172 uituperat01·.Tu·
1000 3083 1256 3179 (γυναικονόμοι
1271 3083 1285 3178 )
1305 3085 1400 3176 'inter
1420 3089 1538 3155 Gree-

415 3173 458 3242 lit
486 3199 568 3244 uero
600 3191 743 3240 aetatem
773 3172 947 3242 luculenta
995 3201 1051 3244 cos
1064 3180 1190 3246 mentio
1209 3195 1258 3245 est
1281 3180 1373 3267 apud
1391 3175 1535 3248 Aristot.

415 3268 556 3336 Homeri
574 3264 721 3334 defensio
745 3265 869 3333 Proclo
887 3291 949 3334 au·
994 3271 1078 3358 reip.
1091 3290 1145 3336 tv»
1163 3277 1213 3340 15.

415 3377 532 3426 ctore.
564 3361 651 3426 {tem
673 3358 836 3446 Sarapion
864 3357 949 3426 alex.
1045 3361 1098 3452 (4)
1123 3363 1179 3430 Sic
1204 3363 1388 3456 Dionysius
1407 3365 1453 3431 11.
1476 3363 1533 3450 ²4·

414 3449 545 3518 librum
585 3450 788 3540 scripserat,
832 3465 951 3519 utrum
998 3457 1039 3521 25
1066 3473 1327 3522 commemorato
1351 3453 1413 3520 illo
1431 3480 1535 3547 gree-

414 3541 603 3610 Homerum
621 3541 756 3607 Pluton
784 3563 855 3632 rep.
876 3563 949 3607 me·
996 3565 1059 3625 co,
1092 3547 1151 3635 qui
1170 3544 1328 3613 muliebri
1352 3546 1535 3636 pudicitiae

414 3634 481 3699 rito
501 3633 733 3724 ableguuerit‚
750 3633 855 3704 Suid.
876 3636 950 3700 De·
996 3641 1384 3730 praeeret‚magistratu‚
1400 3641 1448 3704 uit
1463 3663 1534 3707 me·
1624 3628 1628 3643 ¹

413 3725 517 3815 nique
536 3725 626 3791 idem
644 3723 764 3792 Suidos
784 3741 948 3792 memorat
992 3725 1059 3794 lius
1079 3728 1287 3798 consuluisse
1311 3725 1535 3820 nuptiis‘Ro-
1624 3756 1628 3765 ·

414 3813 870 3908 opusTelephigrammatioi
887 3839 948 3883 nr·
993 3842 1130 3903 manos,
1160 3823 1219 3912 qui
1243 3843 1381 3889 uxorem
1405 3818 1442 3890 in
1470 3849 1532 3915 po·

410 3907 441 4000 pi
464 3908 520 3984 τῆς
540 3905 670 3998 ‘Opipoo
695 3905 751 3974 eui
776 3904 947 3984 Πλάτωνος
994 3927 1111 3980 testate
1151 3916 1263 3980 mariti
1296 3938 1364 3982 esse
1396 3913 1533 3981 uoluis-

413 3998 617 4088 συμφωνίας.
937 4029 941 4038 ·
994 4006 1276 4096 sent-Sioepnd
1290 4009 1436 4074 Dionem
1451 4027 1531 4074 ιιι.

480 4117 490 4158 r
538 4091 678 4162 Scilicet
689 4107 767 4159 note
780 4093 943 4164 censorin.
993 4097 1037 4166 16
1063 4095 1238 4190 Augustus
1268 4103 1407 4166 maritos
1436 4099 1532 4166 iubet
1626 4134 1629 4167 r

477 4212 495 4252 τι
537 4183 662 4252 Adhuc
681 4185 723 4250 de
746 4184 943 4253 censoribus
991 4190 1088 4255 uxori
1102 4211 1271 4280 quemque
1282 4215 1361 4260 sune
1374 4193 1532 4259 modero-
1625 4192 1629 4203 '

410 4297 520 4344 sermo
532 4301 601 4346 esse
613 4279 774 4358 uidetur,
793 4297 942 4365 quornm
988 4280 1020 4344 ri
1039 4283 1199 4370 uitiisque
1213 4285 1285 4349 eius
1301 4284 1438 4351 obuiam
1459 4287 1528 4356 ire,
1559 4325 1576 4338 .

410 4370 734 4459 potestatisproprie
745 4385 796 4436 est
804 4373 941 4438 reueri-
987 4371 1054 4440 Sed
1078 4389 1192 4442 tumen
1223 4375 1462 4443 Tertullianus
1491 4383 1529 4450 de

408 4467 466 4524 tos
479 4505 487 4530 .
501 4459 939 4562 Gell01tno3fVol.M.ll.9.
983 4465 1101 4554 pudic.
1117 4465 1215 4540 initio
1230 4469 1353 4540 suadet
1366 4517 1377 4558 ‚
1389 4488 1430 4541 ut
1449 4493 1527 4551 cen,-
1626 4506 1629 4533 =

1623 4560 1629 4609 l
