3314 5658
1203 494 1249 566 v.

133 679 364 771 pntronum
384 641 693 742 nacta‘estziam
712 669 896 767 superest
913 673 960 738 ut
976 671 1115 737 noster
1133 649 1246 746 Tul-2

132 797 215 882 lius
240 798 352 917 (qui
375 797 486 881 male
508 797 606 881 licet
621 793 832 912 allectus,
856 792 1077 910 splendore
1101 815 1249 878 tamen·

131 943 196 1028 sui
213 941 401 1024 nominis
420 939 545 1058 longe
564 936 738 1057 rutilat.)
758 941 802 1022 iu
817 938 894 1024 Pll
909 937 989 1020 Vll
1006 933 1242 1021 clientelam

128 1078 283 1166 lubens
309 1081 472 1166 veniat.
509 1071 783 1198 Quamqualn
799 1079 925 1164 huius
945 1076 1138 1195 obsequii
1154 1110 1247 1162 uon·

131 1251 179 1316 ea
196 1221 285 1305 sola
304 1252 424 1308 causa
444 1243 531 1325 est,
556 1221 677 1335 quod
697 1201 898 1345 volumen
916 1219 969 1306 de
988 1217 1169 1338 regenda
1195 1250 1245 1304 re¹
1272 1283 1275 1290 .

127 1357 302 1471 publica
328 1357 383 1442 ad
406 1359 629 1444 Rectorem
655 1357 771 1444 orbis
787 1359 1002 1444 christiani
1022 1359 1244 1470 tempestia

126 1529 179 1586 ve
203 1495 417 1620 digneque
441 1506 650 1609 mittitur3
689 1485 838 1592 verim
861 1501 906 1588 id
930 1501 1134 1618 singulari
1170 1500 1239 1616 faf
1330 1577 1334 1584 ,

1 1625 2 1628 ¹
127 1665 175 1728 to
207 1648 403 1762 congruit
431 1647 581 1730 rationi
610 1677 657 1732 ac
681 1645 958 1732 moderationi
981 1649 1239 1761 principatus

1 1873 2 1876 a
125 1789 208 1871 tui.
233 1785 436 1872 Politicus
453 1790 567 1871 enim
585 1787 738 1874 Cicero
755 1787 868 1874 haud
886 1791 1050 1906 vaganti
1074 1819 1236 1873 sermo·

1 1927 2 1936 '
125 1953 181 2010 ne
213 1924 430 2040 disputat,
470 1929 545 2013 sed
568 1925 735 2034 defixo,
768 1951 815 2014 ut
846 1932 934 2044 ipse
959 1933 1043 2036 ait,
1077 1932 1120 2016 in
1157 1961 1236 2013 ro-

1 2111 2 2116 *
126 2097 249 2178 mana
274 2100 320 2152 re
336 2068 535 2182 publica3
571 2045 747 2186 eamque
773 2071 946 2177 nititur,
963 2075 1115 2160 virtute
1140 2103 1236 2156 ma-

124 2207 267 2291 iorum
292 2229 333 2292 et
356 2207 519 2324 legibus
545 2208 847 2317 instaurandiS‚
871 2209 992 2296 abeo
1018 2211 1236 2300 discrimi-
1266 2203 1267 2206 Ὺ

123 2382 178 2434 ne
203 2353 426 2456 interime,
459 2349 579 2468 quod
604 2353 692 2465 ipse
718 2352 1121 2460 consultaverunt,
1154 2385 1233 2441 co-

122 2489 291 2576 hibere.
324 2492 513 2579 lamvero
549 2496 702 2578 nostris
735 2493 997 2610 temporibus
1021 2520 1238 2611 parentem

122 2633 188 2718 Te
211 2665 258 2722 ac
277 2639 558 2722 restitutorem
576 2667 773 2722 romanae
789 2634 1089 2726 dominationis
1107 2672 1235 2726 nemo

1 2751 2 2760 i
124 2780 286 2896 estqui
311 2809 398 2864 non
419 2779 619 2894 appellet:
645 2809 772 2897 quam
791 2778 987 2867 flebiliter
1012 2785 1236 2870 extinctam

1 2979 2 3042 3
123 2919 195 3004 lux
217 2923 351 3034 prima
368 2917 548 3008 benefici
579 2927 694 3040 regni
713 2927 774 3008 tui
792 2918 834 3008 iu
856 2928 985 3012 vitam
1004 2927 1144 3014 subito
1163 2959 1239 3012 re·-

123 3067 304 3151 rocavit.
329 3065 433 3150 Mox
448 3070 637 3183 graviore
654 3066 824 3153 turbine
841 3092 1008 3174 exorto,
1033 3075 1111 3187 qui
1128 3095 1238 3156 tam-

120 3203 196 3291 diu
213 3210 319 3292 sacri
335 3211 515 3318 pectoris
532 3211 596 3289 tui
614 3207 852 3292 sollicitavit
876 3210 1082 3322 quietem,
1108 3241 1235 3327 num-

122 3375 251 3462 quam
286 3347 348 3429 Te
381 3329 497 3430 flecti
517 3376 660 3459 passus
686 3376 760 3453 es,
808 3349 1037 3464 quominus
1068 3326 1238 3468 imperii

120 3479 372 3598 pontificalis
419 3487 722 3600 perennitatem
769 3487 1013 3576 caelestibus
1059 3491 1230 3581 fulcires

1 3621 2 3638 '
123 3624 377 3738 praesidiis,
425 3625 559 3743 Igitur
584 3625 641 3711 ob
666 3629 993 3744 rempublicam
1017 3636 1233 3727 tambene

127 3793 297 3888 tamque
321 3768 486 3854 fortiter
500 3792 657 3888 gestam
675 3801 771 3858 cum
789 3773 969 3890 implesti
987 3777 1134 3866 orbem
1148 3805 1233 3868 ter·
1280 3759 1307 3808 ³

126 3941 266 3994 rarum
289 3913 473 3996 nominis
497 3913 560 3996 tui
584 3911 715 4028 gloria
740 3974 753 4020 ‚
784 3937 875 4002 tum
900 3941 961 4002 est
984 3951 1103 4006 amor
1134 3955 1231 4040 erga

128 4050 190 4137 Te
214 4049 436 4166 singularis
461 4054 655 4136 omnium
679 4053 933 4140 hominum.
957 4055 1068 4144 Ecce
1093 4081 1234 4148 autem

126 4189 331 4307 religione
354 4221 482 4309 quam
505 4215 569 4278 tot
595 4193 735 4282 clades
761 4195 1008 4286 adflixerunt
1031 4227 1233 4311 recreata,

124 4336 358 4448 provinciis
383 4337 426 4420 in
450 4335 552 4422 laeta
575 4369 677 4456 pace
696 4344 962 4459 compositis,
979 4343 1084 4433 urbe
1103 4350 1237 4438 innu-
