3276 5660
361 483 366 493 ’
444 477 534 588 add
776 503 838 568 nr
872 507 932 572 aa
966 501 1197 573 evertes

438 623 621 728 uolunt,
653 641 828 738 potesne
851 645 973 726 tum,
1006 621 1154 728 Laeli,
1187 647 1337 736 negare
1365 649 1547 706 remes-
1622 709 1623 732 ᾖ

436 795 480 850 se
498 764 616 850 illam
632 761 848 880 publicam
865 792 967 882 qum
984 760 1132 877 populi
1148 762 1232 846 sint
1247 761 1408 877 omnia,
1431 792 1546 881 quo·

438 907 553 992 uiam
576 902 751 1024 quidem
768 902 917 1020 populi
933 933 1019 989 esse
1037 935 1127 990 rem
1144 903 1344 991 uolumus
1360 935 1449 990 rem
1465 936 1549 1020 pu-

433 1039 630 1135 blicam?
662 1049 776 1134 Tum
800 1041 964 1134 Laelius
988 1107 1003 1154 ,
1027 1079 1074 1134 ac
1099 1047 1261 1132 nullam
1283 1045 1459 1164 quidem
1482 1050 1545 1133 ci·
1622 1133 1623 1164 ,

433 1193 515 1276 tius
554 1198 799 1310 negauerim
839 1195 936 1276 esse
962 1217 1009 1282 (a)
1046 1223 1137 1300 rein
1174 1189 1388 1305 publicam
1411 1223 1546 1312 quam

433 1369 549 1461 quae
571 1359 658 1424 tota
682 1343 741 1424 sit
764 1345 812 1424 in
837 1335 1142 1422 multitudinis
1159 1355 1406 1450 potestate:
1434 1338 1488 1451 pl
1520 1387 1548 1406 -
1622 1325 1623 1392 Ψ

432 1511 488 1567 ne
517 1500 567 1564 ut
591 1476 715 1564 nobis
739 1509 827 1563 non
850 1475 1040 1594 placebat
1064 1478 1275 1590 Syracusis
1305 1475 1432 1564 fuisse
1455 1507 1548 1566 rem

431 1617 649 1735 publicam
665 1651 803 1738 neque
819 1613 1056 1738 Agrigenti,
1078 1649 1216 1738 neque
1229 1611 1426 1723 Athenis,
1439 1649 1548 1737 qum

73 1879 76 1884 Ι
433 1785 568 1850 essent
582 1765 778 1876 tyranni3
804 1793 944 1882 neque
958 1765 1124 1852 Romae
1142 1779 1190 1854 (b)
1207 1793 1311 1881 qum
1329 1761 1551 1850 decemui-

40 1991 44 2004 ,
195 1991 218 2020 x
264 1915 305 1982 ἓ·
327 1919 400 1982 300.
433 1908 471 1993 ri
490 1937 501 1990 ε
525 1936 604 1992 nec
623 1929 666 1996 (ε)
684 1908 690 2020 Ι
708 1903 836 1990 uideo
855 1907 930 2024 qui
947 1907 1076 2023 magis
1095 1907 1140 1990 in
1156 1901 1441 1992 multitudinis
1466 1899 1549 1990 do-

275 2159 278 2164 .
392 2044 398 2058 ’
430 2048 595 2132 minatu
618 2047 679 2129 rei
695 2044 888 2160 publicae
909 2077 1072 2134 nomen
1096 2069 1310 2164 appareat:
1329 2049 1430 2165 quia
1452 2047 1550 2164 pri-

344 2269 346 2274 .
430 2219 551 2275 mum
575 2187 679 2273 mihi
703 2190 887 2304 populus
912 2222 1001 2276 non
1024 2213 1115 2297 est,
1147 2212 1194 2275 ut
1216 2211 1265 2277 tu
1288 2191 1448 2304 optime
1474 2189 1551 2275 de-
1622 2247 1623 2310 ,

427 2323 593 2438 finisti,
627 2333 803 2446 scipio,
836 2335 916 2420 nisi
941 2337 1016 2452 qui
1039 2363 1246 2420 consensu
1270 2333 1371 2417 iuris
1405 2334 1548 2420 conti-

428 2493 581 2580 netur;
616 2473 691 2560 sed
715 2497 882 2562 cattam
908 2498 1106 2590 tyrannus
1131 2479 1206 2561 iste
1231 2497 1465 2564 conuentus
1492 2501 1547 2567 (ι)

427 2615 608 2732 quamsi
627 2635 732 2701 esset
746 2645 857 2700 unus
875 2635 922 2704 (d)
943 2659 955 2724 ς
980 2619 1062 2704 hoc
1080 2621 1204 2702 etiam
1221 2622 1416 2722 taetrior,
1440 2618 1551 2735 quia
1622 2723 1623 2744 Ν

426 2753 534 2838 nihil
557 2757 662 2861 ista,
695 2785 802 2874 quae
825 2755 977 2872 populi
1001 2763 1180 2874 speciem
1206 2781 1245 2846 et
1263 2791 1421 2845 nomen
1446 2761 1548 2845 imi·

425 2913 566 3008 tatur,
599 2901 825 2986 immanius
849 2897 975 2984 belua
1001 2925 1042 2993 (e)
1068 2924 1136 2988 st.
1170 2903 1262 2990 N'ec
1291 2933 1399 2988 uero
1432 2935 1546 2990 con·
1622 2895 1623 2942 l

206 3039 389 3099 Mim-
428 3040 546 3124 uenit
563 3061 615 3136 (t)
640 3071 744 3164 qum
776 3041 1036 3128 furiosorum
1063 3041 1177 3127 bona
1200 3043 1367 3163 legibus
1391 3050 1434 3131 iu
1460 3045 1546 3133 ad-
1622 3119 1623 3132 a

204 3136 395 3288 gggopggme
429 3204 652 3302 gnatorum
669 3203 870 3300 potestate
887 3185 971 3268 sint
988 3162 1170 3303 (2),quod
1188 3217 1337 3276 eorum
1355 3189 1530 3302 iamll...

467 3343 515 3410 (a)
538 3333 650 3412 Pagina
668 3333 830 3394 admodum
847 3331 1016 3392 oblitterata
1034 3347 1100 3405 est}
1116 3353 1209 3413 quare
1228 3331 1341 3414 aliquot
1358 3337 1452 3404 uerba
1469 3357 1545 3417 sup-

421 3410 620 3502 pleo,habita
637 3419 799 3497 spatiorum
817 3416 949 3474 ratione.
976 3420 1021 3492 (b)
1047 3421 1112 3478 Hoc
1125 3419 1303 3478 uocabulum
1320 3441 1445 3499 prorsus
1457 3420 1541 3480 deest

420 3503 454 3561 in
466 3503 591 3581 pagina,
615 3515 644 3564 et
662 3514 758 3560 tarnen
775 3499 991 3558 adsumendum
1009 3515 1053 3559 est
1070 3503 1234 3560 necessario
1252 3546 1259 3559 .
1289 3511 1331 3577 (c)
1352 3504 1540 3584 Ambiguum

421 3597 466 3644 est
491 3585 522 3642 in
550 3585 652 3644 codice
673 3597 775 3644 utrum
800 3581 926 3654 sitnec,
953 3603 990 3642 an
1014 3605 1128 3664 neqrte.
1174 3589 1222 3660 (cl)
1241 3589 1355 3666 Nempe
1371 3595 1424 3649 uir
1442 3611 1544 3648 amns.

461 3673 505 3741 (e)
527 3667 602 3727 Cod.
613 3669 702 3727 uelde
716 3667 821 3725 uitiosa
832 3667 1005 3728 metathesi.
1029 3668 1138 3726 Obiter
1155 3689 1279 3742 moneo,
1298 3691 1314 3726 a
1333 3672 1537 3750 pseudo-Au·-

421 3749 539 3828 gustino
558 3749 595 3809 de
613 3769 735 3826 gramm.
755 3762 776 3806 t.
788 3751 812 3807 1.
824 3751 952 3827 append.
971 3770 1001 3830 p.
1017 3749 1053 3808 13
1072 3749 1132 3810 dlci
1152 3755 1325 3812 Ciceronem
1346 3773 1426 3812 usum
1444 3753 1539 3812 fuisse

419 3832 510 3893 etiam
523 3831 675 3894 uocabulo
691 3835 816 3892 deletus.
835 3833 953 3894 Ibidem
969 3853 1071 3893 rursus
1089 3837 1199 3896 mentio
1217 3851 1260 3894 est
1282 3837 1435 3914 participii
1453 3859 1538 3898 mor·

420 3929 513 3987 tures,
537 3918 575 3976 de
591 3937 649 3995 quo
666 3915 766 3975 recole
775 3917 828 3976 lib·
840 3919 880 3977 11.
896 3919 979 3993 18.p.
991 3921 1058 3990 164.
1077 3939 1106 3975 n.
1118 3939 1144 3976 a.
1186 3923 1241 3997 (f)
1270 3922 1346 3980 Cod.
1363 3927 1539 3988 moue-nm

421 4001 475 4064 sed
491 4022 509 4060 r
527 4001 648 4063 uidetur
671 4000 786 4058 deleta.
819 4006 866 4078 (g)
889 4000 1011 4065 Scilicet
1038 4001 1146 4064 desunt
1164 4001 1224 4070 <luo
1238 4001 1323 4066 lolia
1340 4001 1545 4080 quaternioni*

423 4101 496 4155 xm,
521 4084 644 4143 tertium
663 4097 693 4142 et
711 4083 867 4142 intimum.
1130 4120 1135 4128 ι

421 4203 604 4272 dicendum
622 4219 772 4292 superest
791 4203 833 4270 de
852 4201 956 4271 effre-
1053 4199 1107 4298 (a)
1132 4206 1258 4298 Legem
1271 4225 1328 4281 xit
1344 4205 1539 4274 tabularum

413 4296 455 4364 ni
517 4311 634 4386 testate
654 4293 839 4386 populari.
1004 4293 1169 4363 habemus
1189 4300 1281 4388 apud
1305 4317 1482 4366 auctorem
1500 4324 1538 4367 o·

465 4317 518 4490 dil
535 4385 660 4458 Recole
673 4383 857 4484 Augustini
867 4411 957 4461 sum·
1002 4389 1092 4476 peris
1110 4389 1154 4453 ad
1168 4390 1376 4456 Herennium
1389 4391 1491 4474 las,
1508 4407 1540 4457 et

418 4493 590 4556 nutum.
631 4567 632 4572 η
723 4527 726 4538 ·
922 4546 934 4556 .
1002 4481 1542 4576 opud·Cio.deiuueut.11.5e=si
