3262 5662
446 479 529 571 ¹7⁰
775 483 837 544 ur
870 485 932 545 uu
965 484 1196 550 evertet

436 593 675 710 regnauisse
705 594 917 682 traditur:
950 628 1078 716 quem
1101 599 1243 686 ferunt
1266 629 1317 686 ex
1347 629 1465 688 serua
1492 626 1540 695 (a)

434 737 712 854 tarquiniense
738 727 882 826 natum
909 765 988 848 (ι),
1025 773 1122 828 cum
1147 763 1254 828 esset
1277 771 1326 828 ex
1351 741 1540 862 quodam
1619 782 1620 798 ¹

434 878 541 995 regis
566 878 716 968 cliente
740 904 967 998 conceptus
994 907 1040 975 (2)
1065 949 1077 974 .
1111 881 1200 993 Qui
1226 893 1324 970 cum
1347 884 1538 970 famulo-

432 1047 529 1104 rum
546 1051 724 1104 numero
751 1022 950 1110 educatus
977 1021 1031 1108 ad
1049 1024 1200 1140 epulas
1225 1025 1334 1144 regis
1359 1025 1537 1152 adsiste-⁴

431 1185 493 1250 ret
511 1203 522 1273 3
539 1194 627 1248 non
652 1164 772 1250 latuit
797 1165 976 1254 scintilla
998 1168 1155 1284 ingenii
1173 1221 1187 1272 ‚
1202 1195 1309 1284 quae
1335 1171 1420 1255 iam
1443 1190 1534 1256 tum

431 1311 622 1398 elucebat
645 1314 690 1396 in
713 1343 846 1427 puero
864 1327 940 1403 dt:
973 1316 1030 1402 sic
1055 1335 1141 1398 erat
1164 1315 1208 1398 in
1233 1318 1351 1400 omni
1376 1313 1449 1400 uel
1475 1317 1537 1404 ol·
1616 1352 1617 1420 t

430 1449 527 1540 ficio
552 1454 622 1540 uel
646 1483 839 1539 sermone
863 1453 1044 1542 sollers.
1078 1456 1222 1573 Itaque
1247 1457 1535 1575 Tarquinius,
1614 1466 1616 1502 ²

385 1652 393 1672 .
428 1599 504 1715 qui
529 1593 765 1680 admodum
782 1625 935 1710 paruos
952 1615 1043 1682 tum
1068 1595 1435 1714 haliberetliberos
1455 1617 1531 1705 (3),
1614 1623 1615 1704 g

427 1741 485 1828 sic
510 1740 708 1826 Seruium
735 1737 970 1856 diligebat,
1004 1759 1050 1824 ut
1075 1742 1109 1823 is
1134 1741 1224 1824 eius
1250 1739 1381 1857 uulgo
1407 1739 1536 1852 habe-
1611 1800 1613 1811 ·

427 1905 541 1970 retur
565 1879 705 1970 filius:
738 1903 863 2002 atque
888 1915 986 1970 eum
1017 1913 1187 1968 summo
1220 1881 1361 1968 studio
1386 1891 1535 1972 omni-
1613 1881 1614 1928 ³

467 2071 515 2138 (a)
531 2061 606 2122 cod.
619 2083 750 2132 exerta,
769 2063 874 2122 extrita
889 2085 905 2122 s
923 2062 1178 2140 pronunciationis
1194 2060 1288 2119 uitio.
1314 2066 1359 2135 (b)
1381 2063 1456 2122 Cod.
1465 2085 1537 2140 pne·

425 2165 495 2207 ros.
524 2146 716 2206 Locutionern
733 2147 797 2205 sine
817 2147 909 2205 dubio
929 2147 1062 2205 imitatur
1079 2149 1191 2204 Fronto
1206 2145 1243 2201 de
1264 2149 1313 2202 dt·
1326 2147 1447 2204 Aurelio
1462 2149 1541 2205 scri-

424 2229 498 2289 bens
518 2229 550 2286 in
580 2229 755 2308 fragmentis
781 2231 818 2290 de
841 2229 1023 2290 orationibus
1043 2231 1080 2288 11.
1100 2231 1127 2289 3:
1156 2229 1287 2290 elucebat
1310 2235 1343 2290 in
1365 2239 1540 2310 praeratum

426 2326 498 2378 tuuc
514 2317 659 2376 nobilitas
677 2323 801 2378 mentis.
1129 2313 1131 2319 '

423 2435 616 2524 magnificas
633 2435 737 2502 habes
760 2439 851 2526 apud
869 2433 955 2500 Plu·
1002 2479 1026 2516 ,‚
1051 2451 1100 2499 tre
1121 2433 1155 2500 in
1174 2451 1271 2502 utero
1290 2451 1438 2502 seruatus
1460 2453 1540 2516 ests

424 2524 583 2590 tarchum
614 2529 654 2592 de
678 2525 756 2592 fort.
777 2529 816 2594 R.
837 2543 861 2593 t.
884 2545 953 2591 vlt.
1003 2572 1026 2607 „
1054 2527 1186 2593 tullius
1199 2528 1468 2616 praenominatus
1483 2545 1538 2594 est

423 2639 456 2706 p.
480 2622 557 2708 278.
577 2617 640 2684 Hic
653 2637 712 2684 rex
726 2620 809 2683 tanti
826 2621 952 2685 Romae
1002 2665 1024 2700 ,‚
1051 2621 1170 2684 ominis
1190 2620 1318 2708 gratia,
1343 2620 1437 2707 qussi
1459 2621 1540 2685 tol-

423 2707 489 2775 tuit
501 2709 620 2800 quanti
631 2706 700 2774 fere
719 2726 832 2798 postea
844 2711 954 2784 Sixtus
1003 2755 1026 2792 „
1049 2709 1172 2778 tendas
1186 2733 1228 2790 ‚o
1243 2709 1356 2776 littera
1370 2711 1406 2776 in
1421 2735 1442 2776 u
1456 2733 1539 2780 con·

424 2800 467 2870 V.
481 2803 519 2869 P.
535 2801 585 2877 M;
599 2801 705 2866 sitam
723 2819 853 2867 remota
867 2817 957 2867 tem-
1005 2851 1028 2888 „
1053 2821 1149 2869 uersa
1164 2848 1186 2884 ‚,
1201 2851 1209 2868 .

422 2913 503 2981 pore
522 2909 555 2960 et
573 2915 682 2962 mores
707 2893 793 2960 inter
813 2919 846 2960 se
872 2917 958 2962 con·
1053 2891 1105 2985 (3)
1130 2897 1239 2960 Immo
1252 2916 1334 2959 uero
1353 2895 1539 2986 Dionysius

422 2985 560 3052 tendere
578 2983 682 3054 licet.
1005 2983 1069 3056 Ill.
1090 2988 1132 3055 65
1166 2983 1344 3052 masculini
1372 3010 1468 3052 sexus
1488 2985 1539 3050 li-

429 3135 433 3143 .
470 3072 819 3166 (rttocuminlibris
832 3079 955 3170 derep.
1005 3079 1103 3148 beros
1128 3075 1317 3167 Tarquinio
1336 3101 1405 3144 non
1434 3077 1537 3146 fuisse

338 3225 341 3232 ,
419 3165 553 3261 legebat
571 3172 697 3240 Seneca
721 3199 774 3262 epa
796 3191 906 3240 cvttt.
1001 3173 1069 3246 ait;
1090 3171 1149 3260 qui
1175 3187 1287 3237 tamen
1306 3169 1379 3236 sibi
1398 3188 1539 3236 contra-
1612 3206 1613 3233 t

445 3259 521 3353 (a)
548 3263 734 3353 Opiniones
773 3266 815 3330 de
843 3261 955 3332 Seruii
1002 3265 1128 3330 diceret
1158 3279 1212 3328 tv.
1237 3261 1356 3341 t‚ubi
1385 3265 1539 3351 Tarqui-

419 3369 515 3444 patre
525 3358 635 3421 uarias
644 3356 858 3447 perpendunt
870 3355 955 3419 Dio-
1001 3357 1097 3418 nium
1128 3353 1303 3418 decessisse
1330 3355 1377 3418 ait
1406 3353 1537 3421 relictis

418 3447 538 3535 nysius
558 3465 612 3513 tv.
639 3465 666 3512 t.
688 3471 720 3526 a,
740 3459 772 3508 et
792 3445 910 3507 Liuius
924 3445 951 3508 Ι.
1000 3443 1132 3508 duobus
1146 3441 1329 3511 infantibus
1343 3442 1536 3540 uiei;(quae

418 3534 473 3623 39.
495 3536 584 3628 Lege
603 3539 704 3600 etium
722 3537 861 3603 Festum
871 3555 947 3598 uoc.
971 3573 978 3586 ·
997 3531 1098 3599 lectio
1119 3533 1338 3600 confirmatur
1369 3561 1388 3601 a
1409 3543 1534 3606 uatica·

417 3623 571 3706 nothum,
585 3625 951 3716 Ar110htumV.p.169.
999 3626 1050 3692 nis
1071 3625 1266 3699 codicibus:
1281 3622 1296 3718 )
1309 3628 1374 3695 nisi
1388 3631 1461 3717 ipse
1475 3655 1533 3697 nc·

416 3714 517 3782 Diem
534 3717 647 3786 Seruii
676 3715 843 3798 natalem,
871 3717 958 3800 idus
994 3739 1068 3784 ram
1079 3739 1174 3784 suam
1185 3715 1365 3784 lectionem
1376 3719 1533 3790 essevie·

416 3827 537 3899 nempe
561 3811 716 3901 augusti,
735 3810 850 3901 prodit
880 3810 947 3876 Fe-
994 3803 1064 3906 rods
1082 3827 1225 3904 nepotes
1259 3811 1452 3878 ostenderet
1475 3833 1529 3880 tt.

413 3913 485 3965 stus
503 3921 580 3970 uoc.
600 3927 775 3972 seruorum
793 3899 894 3983 dies,
913 3919 949 3982 et
994 3900 1027 3985 4.
1049 3904 1081 3972 6.
1104 3927 1135 3994 7.
1156 3925 1228 3992 sqq.
1250 3903 1310 3968 ubi
1331 3919 1448 3972 contra
1464 3909 1533 3974 Fa·

413 3988 621 4062 Plutarchus
657 4011 785 4086 quaest.
814 4017 899 4061 rom.
923 4011 947 4061 t.
994 3993 1092 4062 bium
1110 3993 1260 4087 aliosque
1280 3994 1454 4066 historicos
1474 3999 1532 4062 di-

414 4088 739 4180 V11.p.r57.Verum
752 4086 945 4153 Macrobius
992 4103 1125 4175 sputat,
1152 4089 1212 4175 qui
1244 4109 1359 4155 omnes
1380 4087 1531 4181 (Pisone

415 4191 475 4242 sat.
492 4177 566 4245 1³3
585 4182 633 4246 ait
650 4181 810 4252 Seruium
829 4193 948 4245 uatum
996 4173 1149 4267 excepto)
1161 4176 1249 4246 filios
1262 4178 1427 4249 masculos
1440 4183 1528 4246 Tar·

336 4271 338 4277 ’
412 4269 510 4334 nonis
531 4317 541 4350 ‚
561 4271 689 4338 incerto
709 4293 844 4338 mense.
876 4269 948 4339 Va-
996 4272 1114 4358 quinio
1135 4271 1250 4338 Prisco
1275 4287 1527 4346 concesserantt

414 4355 520 4425 lerius
533 4361 675 4434 M.lib.x
689 4364 736 4430 sic
750 4377 949 4456 argutaturs
998 4361 1127 4451 quibus.
1141 4385 1230 4434 cum
1257 4361 1425 4430 historicis
1445 4385 1526 4430 con·

415 4451 442 4498 ⁸⁶
466 4444 607 4524 Seruius
621 4499 630 4541 ,
644 4457 704 4550 qui
721 4471 856 4528 mortua
872 4477 949 4530 ma-
995 4455 1257 4548 spuatttieero,
1286 4480 1350 4538 uec
1379 4477 1447 4528 nan
1465 4454 1528 4525 ti-

1608 3114 1612 3149 l

1610 3155 1613 3189 l
