3262 5662
342 507 348 516 '
420 501 513 593 188·
750 521 1172 590 nenarvnmet

189 683 374 744 nestrum-
412 664 589 758 nostr0,
615 635 865 762 'saepiusque
891 673 1020 760 genus
1045 645 1134 728 eius
1158 633 1344 725 huminis
1366 635 1444 726 erit
1466 638 1514 726 in

71 891 82 908 ἱ
187 767 380 912 maffia*
414 787 574 904 reliqna
599 781 721 870 nobis
739 787 927 870 oratione
944 781 1232 900 traclltandum
1253 805 1303 872 (ι)
1322 846 1334 867 .
1351 847 1363 867 .
1381 797 1426 866 ..“

475 925 612 1013 XXX
614 991 743 1013 .....
763 945 810 1012 (a)
827 927 955 1013 Plato
981 931 1195 1048 regiensem
1222 921 1427 1044 sedesque
1449 929 1518 1010 ei-

248 1103 282 1161 r.
308 1101 376 1182 ¹⁸7·
411 1073 532 1154 uium
549 1073 704 1185 aequis
723 1064 924 1180 apprime
932 1070 1142 1177 partibus
1157 1067 1321 1152 dt'uisas
1338 1068 1518 1183 requisi·
1623 1183 1624 1192 Ν

405 1211 503 1315 uit,
537 1207 837 1324 ciuitatemque
864 1204 1091 1323 optandam
1115 1208 1247 1328 magis
1271 1235 1402 1324 quam
1418 1239 1521 1326 spe-⁴
1623 1243 1624 1285 ³

370 1419 372 1428 ’
407 1443 645 1516 quaecumque
665 1417 848 1488 crudeliter
878 1431 938 1490 au't
984 1427 1113 1516 optima
1126 1444 1164 1490 re
1179 1419 1319 1514 publiea
1332 1445 1519 1515 quaerere-

406 1539 506 1583 auare
524 1515 674 1594 fecisset,
688 1515 835 1603 impunis
853 1509 936 1580 suit.
985 1533 1062 1582 tur.
1086 1515 1187 1580 Nune
1213 1536 1251 1578 ea
1282 1515 1463 1604 descriptio
1481 1519 1519 1586 'tn

435 1605 489 1699 (t)
502 1608 602 1674 Certe
617 1626 742 1694 capxn
754 1621 787 1672 et
798 1623 880 1672 xm
895 1606 937 1672 de
987 1603 1108 1672 mutilo
1123 1606 1238 1673 codice
1251 1605 1418 1688 uaticano,
1431 1631 1520 1696 pau-

403 1697 471 1766 boc
484 1696 609 1763 liberae
621 1699 866 1787 reip.tut01·eac
886 1719 940 1762 re·
987 1699 1035 1762 cis
1059 1698 1204 1785 exceptis
1233 1697 1406 1788 uestigiis,
1425 1699 1520 1766 desi-

403 1807 499 1858 ctore
511 1813 570 1856 sen
582 1789 722 1856 custode
735 1811 844 1856 sermo
858 1793 936 1865 erite
983 1790 1146 1863 decatum
1183 1785 1439 1880 supplendaque
1466 1807 1519 1859 est
1620 1817 1621 1820 ¹

402 1880 492 1952 libro
521 1897 633 1948 autem
656 1882 774 1972 quinto
798 1881 938 1969 potissi·
984 1902 1046 1970 ope
1065 1880 1231 1970 praedicti
1254 1876 1336 1946 libri
1365 1881 1457 1972 tertii
1474 1884 1518 1952 de
1618 1936 1619 1963 ,

402 1995 518 2042 mum.
540 1969 937 2061 Suspicarietiamlicet,
983 1971 1147 2065 legibus.
1618 1966 1619 1988 ¹

402 2063 565 2134 Tullium
577 2067 612 2128 in
629 2063 694 2130 bac
712 2061 822 2155 ampla
840 2061 938 2130 lacu-
1031 2062 1084 2157 (a)
1121 2061 1220 2134 Plato
1265 2059 1356 2136 libro
1402 2063 1520 2162 legum
1614 2058 1618 2139 l

402 2181 445 2222 na
457 2157 498 2224 de
508 2151 649 2232 consule
668 2157 787 2224 dixisse
806 2157 866 2244 qui
878 2179 938 2223 re·
984 2157 1105 2244 quinto
1124 2159 1298 2225 ciuitatem
1316 2153 1374 2226 nel
1393 2182 1519 2229 nonam
1612 2168 1617 2229 ζ

403 2250 439 2342 gi
459 2250 584 2316 Rornae
603 2248 780 2314 successit.
800 2247 843 2320 Et
860 2271 938 2316 sane
985 2251 1214 2333 constituens,
1234 2247 1291 2318 uel
1310 2267 1459 2318 ueterem
1484 2269 1519 2321 et
1611 2252 1617 2325 ,⁷

404 2339 553 2408 consulis
561 2340 821 2430 descriptionem
833 2337 934 2406 alicu·
981 2343 1518 2433 corruptamreparans,primum
1611 2346 1616 2355 '

402 2431 439 2496 bi
449 2433 484 2495 iu
501 2433 554 2498 his
564 2427 660 2498 libris
680 2432 722 2498 ab
734 2449 871 2500 auctore
884 2431 934 2498 lu·
980 2427 1105 2525 purgat
1123 2455 1197 2500 eam
1221 2434 1353 2502 ciuibus
1378 2435 1517 2524 impro-

403 2519 557 2588 culenter
565 2521 665 2588 fuisse
675 2541 865 2590 exornatam
877 2519 934 2588 nel
980 2524 1058 2600 bias
1077 2525 1199 2592 deinde
1217 2549 1339 2618 agrum
1369 2542 1403 2592 et
1420 2529 1515 2596 sedes

403 2635 443 2678 eo
454 2614 588 2679 nomine
598 2613 852 2705 arbitror,quod
865 2616 935 2704 ipse
981 2617 1070 2682 inter
1082 2619 1172 2684 ciues
1184 2639 1291 2708 aequo
1304 2617 1378 2682 iure
1396 2634 1429 2684 et
1440 2618 1514 2684 hu-

402 2704 467 2771 sibi
480 2702 619 2796 perlecti
632 2703 780 2772 consulis
811 2705 935 2773 loriam
981 2709 1124 2774 maniter
1147 2709 1297 2789 diuidit;
1321 2723 1395 2774 tum
1424 2707 1514 2777 deti-

353 2829 358 2834 ·
401 2819 533 2886 semper
556 2798 766 2865 uindicauit.
792 2731 935 2866 luterim
981 2802 1036 2866 nit'
1051 2802 1181 2868 ciuium
1208 2823 1413 2870 numerum.
1438 2797 1515 2870 flo-

316 2915 319 2919 ·
400 2885 494 2955 baud
507 2888 676 2956 absimiles
694 2888 881 2958 locutiones
895 2891 936 2958 de
983 2915 1063 2958 rum
1085 2915 1147 2986 ego
1160 2916 1289 2962 mernor
1300 2894 1416 2960 locum
1423 2893 1515 2962 Tul-

402 2979 541 3046 consule
560 2997 676 3048 notare
689 2979 770 3050 licet
788 2984 825 3050 in
844 2981 936 3050 Tul·
983 2979 1021 3050 lii
1041 2983 1195 3052 hiantem
1207 2989 1331 3054 sarcire
1344 2984 1514 3075 aliquate-

401 3067 450 3140 lio
474 3096 509 3137 u.
530 3095 579 3164 gr.
612 3074 654 3140 de
684 3096 733 3142 or.
754 3077 818 3142 111.
837 3099 866 3151 ις
894 3075 936 3142 ad
983 3099 1046 3142 uus
1070 3102 1170 3145 ansus
1189 3102 1292 3146 sum.
1322 3080 1364 3144 ln
1387 3079 1514 3146 codicis

402 3160 752 3255 Qui1·.p.red,cap.v;
771 3168 936 3258 prosert.
983 3189 1065 3262 ergo
1094 3169 1192 3237 hiatu
1224 3188 1298 3262 post
1326 3193 1513 3258 expressam

401 3258 523 3332 xrxsin
534 3259 696 3326 Pis.x.De
709 3258 857 3327 consulis
869 3283 933 3326 no-
980 3262 1102 3328 tutnris
1115 3261 1357 3350 reipformem,
1375 3263 1513 3331 uidetur

400 3345 583 3440 minelege
595 3349 861 3442 Dionysium.
874 3353 948 3441 763·
981 3369 1099 3418 auctor
1117 3357 1297 3440 perrexisse
1320 3355 1364 3422 ad
1381 3377 1513 3424 nouum

400 3439 519 3506 Ciede
532 3463 581 3506 or.
595 3439 641 3504 ΙΙ.
655 3441 710 3530 39ς
724 3441 824 3506 Varr.
839 3441 930 3526 apud
976 3464 1133 3508 romanae
1159 3445 1304 3512 ciuitatis
1328 3448 1395 3514 iam
1413 3469 1432 3512 a
1451 3472 1512 3516 re·
1617 3473 1618 3513 3

396 3527 489 3596 Non.
509 3552 586 3596 noc.
605 3532 781 3610 consules,
801 3547 835 3596 et
858 3531 928 3596 LL.
976 3531 1074 3620 gibus
1086 3532 1213 3599 liberae
1228 3559 1333 3627 genus
1346 3539 1512 3633 effingen-

399 3634 455 3684 1v.
469 3633 481 3684 t
490 3619 522 3703 4:
533 3622 561 3686 F
564 3619 626 3686 lor.
642 3623 669 3686 1.
683 3645 718 3713 93
729 3622 926 3712 Hieronym.
975 3623 1077 3689 dum.
1092 3623 1225 3692 Reuera
1242 3625 1323 3693 hinc
1342 3627 1432 3698 alius
1452 3656 1512 3700 re·

398 3708 442 3774 ad
457 3710 609 3796 Isaieap.
630 3713 693 3777 111.
715 3734 792 3779 noc.
809 3716 929 3780 eonsi—
974 3735 1053 3780 rum
1070 3715 1220 3783 nascitur
1239 3720 1344 3786 ordo.
1365 3717 1421 3790 Ad
1433 3723 1511 3814 pla·

276 3873 278 3876 v
397 3799 928 3896 [iariusdeidonorigsxdby-
974 3807 1120 3872 tonicam
1143 3811 1380 3918 purgationem
1415 3816 1511 3910 quod

398 3891 483 3960 dum
491 3916 567 3958 mr.
579 3894 928 3986 I.30.Magistratuum
975 3898 1116 3981 attinet,
1135 3903 1251 3968 etsi'rn
1264 3901 1385 3973 Tullio
1404 3911 1511 3974 uesti-

398 4001 488 4052 certe
512 4007 668 4058 romanae
691 3987 773 4077 reip.
795 3991 925 4078 praeci·
971 3991 1025 4082 gia
1043 3993 1093 4058 rei
1112 3991 1209 4063 nulla
1229 4015 1426 4082 supersunt,
1444 4003 1506 4070 uix

423 4099 546 4144 norum
575 4078 837 4166 descriptionem
865 4081 924 4148 his
952 4097 1084 4162 ,tamen
1102 4083 1223 4154 dubito
1235 4087 1320 4177 quin
1338 4092 1412 4156 eius
1429 4113 1509 4159 me-
1619 4085 1620 4090 ἵ

395 4097 493 4236 libris
510 4167 709 4238 exhibuerat
727 4173 868 4253 Cicero,
888 4190 928 4238 nt
974 4175 1111 4242 minerit
1124 4221 1133 4258 ,
1146 4196 1283 4269 prepter
1301 4203 1410 4268 nuper
1421 4207 1507 4272 pur-

396 4261 468 4346 ipse
486 4260 533 4326 ait
550 4257 616 4352 leg.
636 4263 815 4331 11L5hac
828 4265 875 4330 de
889 4287 926 4332 re
973 4284 1086 4360 getam
1128 4285 1272 4362 tyranno
1315 4275 1507 4360 Tarquinio
1621 4279 1622 4297 ¹

394 4343 927 4448 loquenssatquipleraquestent
974 4361 1207 4430 Romam.Sic
1225 4365 1314 4440 enim
1326 4365 1354 4428 is
1366 4362 1437 4432 lere
1449 4366 1505 4435 lo·
1619 4418 1622 4445 .

393 4436 492 4510 dieta
509 4447 547 4510 in
564 4443 636 4515 illis
651 4445 775 4540 libris,
792 4472 868 4522 cum
879 4449 926 4520 de
973 4453 1091 4558 quitur
1109 4453 1150 4529 de
1170 4456 1311 4557 §assate
1329 4456 1505 4560 interfecto
1619 4460 1622 4473 “
