3314 5658
411 457 470 522 XX

405 581 513 638 esset.
540 573 692 638 Tantum
710 583 818 660 opus,
849 565 1039 660 quingentis
1070 561 1193 636 abhinc
1222 565 1315 635 suuis
1333 587 1353 632 n
1370 563 1517 634 Petrar·

406 676 471 744 ehu
496 673 653 761 lectum,
679 681 708 746 si
734 679 791 746 cui
809 679 947 746 demum
966 675 1160 760 mortaline
1184 678 1362 746 visentium
1386 675 1520 744 eonsti-

405 801 503 869 tnet,
521 787 549 852 is
573 787 694 861 merito
717 784 939 854 hecatomben
964 773 1119 862 soriunae
1145 781 1353 854 immolabit.
1379 783 1443 852 Rei
1465 798 1522 850 te·

404 915 483 960 rnen
511 892 629 962 dubito
653 910 772 966 utrum
799 915 954 987 arrogem
982 877 1027 962 ait
1057 893 1217 988 derogem
1233 889 1357 964 fidem:
1380 888 1463 958 licet
1480 915 1522 956 e·
1640 913 1641 928 ¹

405 1007 478 1074 nim
496 1006 662 1098 suspicari
680 1004 813 1097 lapsum
831 1030 901 1073 esse
913 1001 1073 1074 memoria
1090 1001 1203 1074 senem
1214 1005 1436 1076 Petrarehurn
1449 1052 1459 1088 ‚
1472 1007 1524 1072 ita

406 1131 446 1182 ut
458 1139 544 1207 puer
560 1113 683 1208 legerit
693 1116 735 1184 de
747 1113 862 1210 lingua
879 1113 1111 1206 potius-latina
1129 1115 1236 1185 libros
1257 1114 1271 1209 (
1289 1117 1386 1184 euius
1408 1115 1524 1205 operis
1640 1097 1641 1114 ¹

407 1225 513 1292 ooder
525 1225 677 1292 omnium
695 1248 816 1315 parens
836 1239 870 1290 et
888 1225 1137 1316 antiquissimus
1155 1225 1223 1290 iam
1240 1239 1314 1298 tum
1326 1219 1525 1290 Florentiae

405 1331 537 1400 extabat
548 1330 583 1424 )
603 1335 660 1404 ste
679 1334 823 1402 enimin
841 1333 893 1402 his
911 1333 1066 1425 loquitur
1084 1331 1178 1400 haud
1196 1329 1298 1400 semel
1317 1331 1427 1400 Varro
1440 1330 1525 1427 (t),

405 1459 445 1512 nt
463 1446 557 1533 prius
575 1448 619 1514 de
637 1447 678 1512 iis
697 1467 784 1535 quae
808 1446 852 1512 ad
881 1446 961 1514 deos
980 1493 991 1528 ‚
1016 1445 1138 1513 deinde
1157 1467 1244 1536 quae
1262 1447 1307 1516 'ad
1336 1446 1492 1514 homines
1512 1487 1527 1527 ‚

408 1551 584 1620 dicturum
603 1575 637 1620 ee
656 1575 726 1619 esse
745 1552 926 1642 spondeat.
951 1551 1154 1620 Divinarum
1171 1569 1285 1622 autem
1302 1573 1337 1625 et
1354 1555 1528 1624 humana·

408 1681 488 1727 rttnr
509 1681 626 1724 rerum
644 1657 865 1726 varronianus
883 1656 989 1726 libros
1013 1683 1053 1728 ex
1075 1655 1267 1750 Augustino
1291 1664 1403 1754 potius
1421 1663 1528 1730 inno-

409 1765 511 1834 tuisse
539 1764 741 1832 Petrarehae
767 1779 907 1853 putem.
934 1764 1075 1831 Interim
1093 1761 1159 1830 elia
1189 1787 1325 1858 quoque
1351 1766 1529 1835 calamitas

409 1875 577 1945 Varronis
602 1869 771 1940 librorum
789 1889 864 1954 est,
884 1874 977 1963 quod
995 1873 1358 1965 Hieronymiepistula
1377 1885 1531 1962 innui,

407 1985 446 2056 in
464 2005 530 2072 qua
549 1981 701 2075 syllabus
724 2003 844 2052 eorum
861 1979 1129 2072 perscribebatur
1148 2027 1159 2064 ‚
1177 1979 1299 2050 mutila
1317 2001 1390 2066 est,
1421 2011 1532 2078 quern
1640 1983 1641 1990 '

410 2091 543 2172 utinam
570 2086 675 2152 codex
701 2083 825 2175 aliquis
855 2083 1017 2176 expleat!
1058 2086 1126 2156 Sed
1155 2089 1192 2155 in
1210 2090 1302 2156 viam
1319 2094 1497 2164 redeamus
1519 2145 1530 2166 .

409 2197 509 2292 Pogii
526 2215 663 2287 quoque
692 2189 791 2286 (qui.
811 2209 863 2262 tot
893 2209 1047 2264 veterum
1076 2196 1200 2288 scripte
1228 2198 1359 2268 invenit
1379 2199 1395 2296 )
1419 2203 1538 2277 aetate

293 2329 311 2346 ’
409 2309 601 2406 qtraesitum
617 2327 687 2372 esse
706 2304 883 2374 Ciceronis
901 2306 943 2375 de
961 2329 1031 2399 rep.
1053 2327 1136 2403 opus
1155 2311 1233 2378 eatis
1264 2309 1415 2382 declarat
1432 2317 1532 2387 Leo-

227 2479 235 2489 ,
354 2419 366 2424 ”
410 2419 539 2489 nardus
563 2417 712 2484 aretinus
743 2417 804 2506 qni
827 2417 933 2510 Pogio
958 2439 1046 2486 anno
1070 2437 1259 2492 nectent!
1284 2421 1456 2514 gratulans
1486 2425 1534 2495 de

411 2541 546 2616 reperto
562 2522 796 2610 Quintiliano,
815 2525 884 2593 ait:
908 2543 1007 2618 quem
1024 2551 1088 2622 ego
1097 2545 1178 2621 post
1196 2523 1378 2599 Ciceronis
1393 2531 1440 2601 tie
1451 2561 1533 2628 rep.
1640 2579 1641 2626 3

410 2633 520 2702 libros
539 2632 724 2726 plurimum
742 2657 762 2698 e
781 2634 1149 2706 latinisdesiderantm
1166 2655 1202 2708 ee
1215 2649 1446 2734 praecunctis
1463 2643 1542 2714 eie·

407 2739 780 2835 ploratumnffirmare
793 2746 904 2810 ausim
924 2740 997 2837 (a).
1017 2739 1095 2830 ‘Qui
1114 2763 1227 2814 antem
1245 2747 1399 2840 politicos
1418 2751 1537 2822 Tullii

323 2911 330 2916 .
413 2845 519 2916 libros
538 2869 578 2914 eo
597 2863 749 2939 tempore
767 2851 965 2942 vestigavit,
994 2852 1065 2942 ipse
1090 2854 1258 2943 inprimis
1288 2859 1414 2951 Pogius
1442 2857 1538 2946 suit,
1640 2847 1641 2906 i

411 2957 570 3028 hortante
589 2957 632 3026 ad
650 2958 686 3026 id
705 2959 793 3028 inter
811 2957 895 3026 alios
927 2961 986 3028 Fr.
1006 2963 1156 3031 Barburo
1176 2985 1230 3054 ep.
1250 2967 1279 3034 Ι.
1299 2990 1333 3057 p.
1355 2993 1386 3061 7.
1408 2969 1540 3062 Pogius

411 3068 483 3157 ipse
501 3068 544 3133 ad
568 3067 716 3134 antionm
736 3065 885 3135 scribens
903 3065 958 3161 (3)
978 3070 1020 3136 de
1039 3063 1174 3139 Nicolai
1192 3073 1392 3140 treverensis
1408 3073 1540 3144 bsstlio·

410 3173 510 3244 theca
529 3177 688 3244 codicum
701 3193 876 3259 veterum,
890 3178 938 3244 sio
957 3176 1060 3245 illum
1071 3177 1153 3246 facit
1170 3177 1389 3270 loquentem:
1400 3181 1447 3250 de
1460 3208 1539 3276 rep.
1555 3185 1562 3200 '

411 3286 502 3354 dicit
520 3307 558 3350 se
583 3281 765 3371 deceptum
780 3277 834 3368 (4)
854 3325 864 3359 ‚
883 3297 919 3345 et
935 3282 1032 3348 illum
1051 3284 1176 3349 librum
1179 3292 1300 3371 juisse
1317 3291 1541 3366 Maerobr'um

412 3415 516 3482 mper-
552 3391 686 3456 somnio
717 3381 924 3478 Scipionisr
953 3387 1019 3455 sed
1045 3405 1163 3458 tomen
1192 3415 1230 3458 ee
1259 3417 1330 3464 non
1347 3397 1541 3488 desperare

413 3494 495 3590 quin
513 3497 729 3588 reperiatur:
747 3499 800 3560 ait
817 3499 909 3574 enirn
925 3493 1102 3590 quendam
1120 3498 1257 3569 doctum
1275 3510 1383 3575 virum
1401 3509 1541 3583 dixisse

414 3603 505 3684 sibi,
524 3603 666 3674 ubinam
684 3619 798 3682 esset,
829 3618 919 3671 etse
942 3611 1191 3700 quamprimum
1208 3634 1251 3680 eo
1278 3619 1541 3706 prefectorum.

416 3712 549 3784 Rursus
580 3713 671 3782 idem
699 3713 826 3804 Pogius
845 3709 910 3778 ulia
930 3713 1075 3802 epistula
1095 3715 1148 3811 (t)
1164 3745 1174 3782 e
1193 3739 1357 3812 quantiam
1384 3723 1545 3798 Nteoiao

420 3825 614 3893 treverensi
630 3819 844 3889 eredendum
862 3827 907 3890 sit
923 3821 1111 3908 iudicabo,
1130 3851 1230 3920 quum
1248 3833 1287 3898 in
1304 3831 1414 3900 lucem
1431 3861 1544 3906 vene·

416 3935 488 4002 rint
504 3955 594 4026 quoe
622 3929 741 4000 retulit
758 3929 814 3998 de·
835 3955 910 4028 rep.
937 3929 1139 4004 Ciceronis.
1165 3939 1274 4007 Porro
1295 3954 1405 4032 quum
1416 3935 1544 4016 'cardi-

460 4079 508 4145 (ι)
534 4075 592 4132 tt..
613 4092 658 4132 tv.
682 4092 728 4133 ιο.
751 4091 795 4132 ιι.
817 4093 847 4134 r.
866 4075 894 4135 3.
1043 4080 1091 4151 (i)
1116 4079 1202 4138 Idem
1216 4083 1437 4160 propemodum
1453 4105 1542 4152 error

413 4183 418 4186 ·
460 4161 508 4229 (2)
534 4156 589 4232 Ep.
608 4174 652 4216 tv.
672 4153 702 4214 5.
1001 4160 1113 4220 accidit
1139 4164 1315 4228 Mobillonio
1340 4188 1414 4230 mus.
1433 4170 1542 4236 itate.

457 4239 506 4310 (ἲ)
530 4238 584 4314 Ep.
613 4258 703 4297 xxvr.
730 4257 761 4317 p.
792 4259 840 4321 79.
873 4237 957 4320 apud
1003 4245 1028 4306 t.
1047 4264 1079 4322 p·
1104 4263 1153 4326 79.

418 4319 742 4404 Mehusiumptaei·ed
756 4323 861 4392 Anthr.
881 4345 955 4390 eaor.
1044 4327 1092 4402 (5)
1116 4329 1197 4392 luter
1238 4335 1380 4412 epistulas
1427 4335 1537 4402 Amin

417 4419 449 4488 p·
471 4406 520 4478 4Ῑο
1005 4427 1078 4478 We
1095 4409 1149 4480 lib·
1169 4434 1246 4486 ”Y-
1266 4421 1315 4495 ⁴¹2·
1366 4455 1369 4466 ¹
