3262 5662
360 491 541 614 rte
750 515 1167 584 nrarrvaarca
1258 575 1261 582 ⁴

408 664 527 722 mum
545 660 632 718 non
648 629 818 718 ferenda
836 635 881 718 in
904 629 1156 738 mendacio,
1189 657 1297 750 quae
1320 659 1407 716 non
1430 643 1522 716 ao-'

408 775 499 862 lum
522 773 627 860 lacta
646 793 690 862 (a)
708 803 817 879 esse,
850 795 912 860 set
935 805 987 862 ne
1010 769 1102 860 fieri
1126 773 1304 892 quidem
1326 773 1513 888 potuisse

255 935 289 995 P·
308 933 376 1010 π96·
410 921 648 1010 cernimus.
681 917 723 1006 N
725 947 792 1002 am
811 895 1006 1036 qrrartum
1024 922 1029 1032 Ι
1046 921 1128 1002 iam
1152 946 1310 1002 annum
1334 945 1512 1031 regnan·

413 1085 455 1150 te
472 1060 607 1150 Lucio
627 1083 673 1152 (t)
692 1061 924 1178 Tarquinio
942 1057 1135 1187 Superbo
1156 1079 1230 1164 (c),
1261 1053 1453 1170 Sybarim
1470 1075 1515 1140 et

411 1205 645 1292 Crotonem
662 1221 702 1286 et
719 1201 763 1286 in
779 1229 845 1287 eas
861 1201 1001 1286 Italiae
1017 1201 1142 1315 partis
1161 1197 1417 1315 Pythagoras
1436 1213 1514 1282 u'e-
1617 1189 1618 1222 ³

413 1347 521 1434 nisse
538 1341 800 1460 repperitur.
820 1341 1036 1455 Olympias
1054 1341 1168 1424 enim
1186 1336 1368 1426 secunda
1385 1355 1427 1422 et
1443 1365 1519 1421 se-
1618 1439 1619 1468 ι

413 1487 677 1605 aegesimao)
695 1480 843 1567 eadem
860 1479 1041 1596 Superbi
1059 1481 1176 1598 regni
1191 1481 1356 1564 initium
1373 1497 1414 1562 et
1430 1475 1517 1590 Py·
1618 1475 1619 1478 ‘

414 1627 608 1745 thagorae
621 1623 804 1712 declarat
819 1623 1050 1708 aduentum
1067 1690 1079 1712 .
1110 1623 1176 1709 Ex
1193 1652 1280 1740 quo
1299 1617 1519 1734 intellegi,

415 1771 538 1890 regiis
561 1789 610 1866 (a)
632 1770 749 1852 annis
774 1763 1082 1869 dinumeratis,
1114 1785 1282 1878 potest,
1313 1791 1425 1848 anno
1448 1757 1520 1846 fe-
1619 1847 1620 1850 a

195 1979 211 2011 .
243 1982 279 2052 Q·
298 1976 380 2036 xv,
416 1941 460 1996 re
484 1915 712 1998 centesimo
736 1929 778 1992 et
800 1903 1122 2024 quadragesimo
1141 1928 1192 1996 te)
1215 1927 1311 2021 post
1336 1925 1521 1992 mortem
1550 1953 1560 1962 ·

279 2061 380 2136 Me·
414 2047 582 2140 Numae
610 2049 797 2165 primum
821 2047 982 2132 Italiam
1006 2041 1338 2165 Pythagoram*ll
1356 2047 1521 2162 attigis-

415 2227 458 2286 se
484 2211 569 2292 cfr:
602 2225 740 2313 neque
763 2193 843 2282 hoc
869 2195 1111 2298 intereos,
1143 2194 1218 2310 qui
1242 2189 1523 2308 diligentissi-
1617 2187 1618 2200 ²

414 2369 482 2424 me
505 2341 710 2455 persecuti
727 2359 823 2423 sunt
838 2343 1079 2452 temporum
1097 2333 1294 2442 annales,
1312 2335 1450 2421 ullast
1469 2357 1518 2430 (a)

418 2511 620 2598 umquam
644 2483 688 2564 in
713 2477 973 2564 dubitatione
997 2497 1237 2566 uersatum.
1270 2478 1330 2563 Di
1356 2481 1528 2564 inmor-·
1618 2541 1619 2583 ,

460 2651 507 2720 (a)
529 2641 576 2705 lta
594 2639 659 2704 cod.
676 2667 700 2704 r.
719 2663 826 2717 manu3
845 2654 875 2704 at
894 2645 1042 2721 nsalm·
1066 2647 1187 2710 Scilicet
1209 2646 1381 2706 emendator
1398 2645 1524 2723 ignora·
1615 2634 1619 2701 .'

420 2726 497 2800 bat,
520 2742 599 2788 recte
615 2741 644 2788 et
662 2728 813 2807 eleganter
831 2727 890 2787 dici
907 2751 967 2790 non
984 2736 1081 2792 solum
1098 2734 1151 2792 secl
1161 2773 1171 2800 ,
1206 2731 1314 2790 omisso
1331 2749 1391 2790 eoa
1408 2755 1417 2801 ς
1435 2741 1521 2808 qum

418 2813 596 2891 particulam
611 2806 715 2872 Cicero
733 2825 762 2871 et
778 2817 887 2872 Caeaar
908 2809 970 2870 sore
987 2835 1045 2873 non
1070 2827 1201 2892 ponunt.
1226 2815 1272 2888 (b)
1295 2813 1370 2874 Cod.
1387 2834 1412 2870 ι.
1433 2833 1525 2872 manu
1615 2885 1616 2888 Ἴ

421 2905 474 2958 ·M·
485 2903 617 2965 tactum
629 2897 682 2954 sed
691 2895 801 2954 deinde
811 2894 931 2956 uidetur
940 2891 972 2952 in
984 2899 1086 2957 codice
1094 2899 1170 2958 lacta
1181 2892 1366 2956 emendatio.
1390 2903 1431 2970 (c)
1442 2897 1522 2954 Rur-
1615 2891 1616 2895 ¹

420 2999 468 3036 arn
483 2979 623 3038 mendose
640 2981 704 3040 cod.
728 2985 930 3058 Tarquinios,
952 2993 982 3037 et
1001 2979 1111 3040 deiude
1132 2983 1257 3044 ronta·
1267 3025 1276 3052 ‚
1287 3001 1362 3058 quae
1377 2997 1444 3038 rnox
1460 2997 1524 3038 nte-

418 3062 541 3120 tathesis
557 3063 673 3122 sublata
686 3065 757 3122 snit.
783 3067 831 3136 (d)
856 3069 901 3124 lta
919 3061 983 3122 cod.
997 3087 1025 3126 a.
1037 3085 1142 3139 manu;
1161 3080 1191 3126 at
1206 3085 1230 3124 ι.
1242 3071 1323 3143 regis
1342 3083 1408 3122 cum
1424 3064 1522 3122 trani.

464 3153 505 3218 (e)
529 3147 574 3206 lta
595 3147 660 3205 cod.
673 3169 701 3208 n.
713 3165 819 3216 manu,
838 3163 868 3209 at
886 3156 1157 3229 r.qrtatragear'mo.
1179 3151 1238 3227 (s)
1264 3151 1309 3208 ln
1326 3145 1391 3206 cod.
1411 3163 1438 3202 a.
1458 3163 1527 3204 naa-

422 3245 463 3286 nu
474 3255 483 3297 ;
506 3243 536 3288 at
560 3251 584 3288 r.
603 3235 782 3309 attingisse3
806 3231 968 3292 cuiusmodi
987 3231 1045 3292 alia
1062 3245 1223 3296 occurrunt
1247 3230 1373 3310 antiquis
1390 3229 1421 3288 in
1439 3229 1527 3287 codi-

424 3313 507 3369 cibus
523 3333 551 3369 u.
571 3332 615 3388 gr.
634 3319 831 3394 reliaqur'sre,
850 3325 1003 3375 nanctus.
1049 3324 1096 3398 (g)
1119 3317 1165 3374 lta
1186 3317 1252 3376 cod·
1275 3293 1304 3380 (
1321 3332 1427 3384 manue
1445 3323 1475 3369 nt
1493 3332 1524 3372 2.

421 3397 611 3475 superposuit
626 3415 659 3458 e·
948 3399 959 3408 ’
985 3425 986 3428 ’

419 3542 473 3590 ter
490 3547 523 3592 se
537 3519 727 3612 conspirare
741 3518 944 3590 uisaeeunt.
992 3523 1084 3612 apud
1162 3548 1217 3592 em
1246 3541 1359 3594 tamen
1393 3527 1531 3618 primus
1622 3581 1624 3624 t

420 3611 665 3704 (Quamquam
682 3637 724 3681 ne
742 3611 820 3702 plue
838 3635 946 3702 aequo
994 3617 1065 3682 eina
1102 3618 1303 3708 oympiadie
1333 3641 1443 3687 annue
1477 3635 1527 3687 eat
1622 3629 1624 3642 '

419 3705 649 3796 Pythagoram
712 3706 950 3788 admiremur,
994 3709 1175 3796 Tarquinii
1196 3711 1365 3802 regnantia
1385 3712 1532 3799 quintet
1623 3789 1624 3794 γ

419 3795 518 3862 docet
547 3817 608 3862 noa
643 3795 852 3888 Augustinus
892 3821 949 3864 re·
994 3799 1168 3867 decimus:
1187 3821 1291 3891 quarn
1306 3797 1420 3868 lenem
1438 3818 1527 3869 tern-

419 3903 516 3954 tract.
528 3889 556 3954 Ι.
570 3887 604 3969 3,
622 3889 862 3981 pythagoricae
885 3891 948 3958 do·
993 3892 1084 3980 peria
1103 3889 1375 3974 aberrationem,
1392 3910 1529 3983 praeter

421 3981 547 4046 ctrinae
557 3974 672 4070 plures
684 3981 783 4049 luisse
795 3983 949 4050 eosdem·
994 3983 1216 4067 Ciceronem,
1242 3989 1396 4077 coarguit
1422 3985 1531 4052 etiam

421 4093 488 4163 que
508 4069 664 4160 capitales
687 4069 868 4165 errores.)
994 4072 1177 4167 Dionysius
1207 4095 1260 4144 tv.
1287 4075 1343 4162 4¹·
1368 4081 1462 4148 Tam
1490 4092 1528 4142 et

424 4213 429 4220 .
468 4161 483 4255 (
491 4159 522 4253 ι)
550 4167 649 4249 Quod
661 4161 854 4256 olympiade
864 4181 949 4234 txtt
995 4170 1131 4256 grauior
1177 4169 1347 4236 eusebiani
1389 4169 1530 4236 mnonie

420 4251 630 4349 Pythagoraa
649 4253 871 4345 philosophus
890 4278 949 4324 co·
994 4260 1401 4350 error-,quod'Snperltus
1418 4261 1526 4328 nimi-

422 4349 536 4435 gnitna
571 4340 693 4429 suerit,
731 4348 950 4418 confirmatur
995 4369 1073 4416 rum
1091 4353 1525 4444 regnaneritannistrigin-

421 4437 464 4512 &b
487 4439 631 4510 Eusebio
662 4439 779 4538 chron.
809 4439 869 4512 lib.
896 4444 957 4540 Hi
991 4453 1029 4508 ta
1046 4445 1203 4539 quinque,
1218 4443 1284 4540 (nt
1301 4443 1424 4515 scribit
1436 4467 1530 4537 qno*
