3314 5658
1172 451 1249 550 arr
1366 479 1374 492 ’

10 597 11 600 ’
132 591 219 664 nelis
238 592 392 664 bessario
410 595 454 666 ob
472 593 714 690 inquirendum
732 600 903 672 Ciceronis
923 595 965 672 de
983 619 1055 692 rep.
1068 617 1154 693 opus
1171 595 1251 690 plue

132 700 229 772 mille
246 727 431 774 aureorum
449 708 639 778 icsumsisse
658 711 813 780 tradatur
833 709 908 806 (t),
927 731 1101 803 quumque
1125 706 1253 800 Pogias

131 813 383 884 inbesssrionis
394 813 552 884 clientela
563 815 666 886 suerit
677 815 756 913 (o),
776 819 907 910 opinari
923 817 1006 886 licet
1022 815 1254 888 Besantionem

130 946 235 990 osum
252 945 322 988 csse
348 923 547 1016 vestigatore
569 925 675 1019 Pogio
700 943 750 994 tot
772 928 840 994 iem
863 943 1016 994 veterum
1040 922 1255 994 voluminum

128 1030 323 1102 felicissimo
343 1036 535 1104 inventore.
548 1037 631 1105 -lo.
643 1035 836 1118 Lelandus,
850 1038 910 1128 qui
928 1033 1187 1106 commentarios
1205 1033 1249 1100 de'

132 1139 360 1228 scriptoribus
389 1141 588 1214 britannicis
612 1147 742 1228 edidit,
767 1171 809 1215 ex
825 1148 952 1214 incerta
970 1141 1180 1212 famarefert
1198 1134 1253 1233 (3)

135 1249 315 1318 Ciceronis
335 1251 489 1320 codicem
507 1253 550 1322 dc
567 1275 641 1344 rep.
661 1272 803 1324 exeunte
822 1252 958 1324 saeculo
971 1273 1024 1322 xv
1045 1251 1147 1318 fuisse
1165 1250 1255 1316 inter

130 1353 242 1426 libros
271 1357 439 1428 Gulielmi
457 1359 585 1430 Tillaei
616 1366 652 1432 in
670 1361 826 1458 Anglia,
851 1365 910 1434 sed
938 1361 1065 1430 ibidem
1092 1355 1251 1428 incendio

130 1469 258 1538 deinde
277 1471 495 1564 absumptum
509 1521 518 1540 .
532 1511 551 1524 -
573 1475 797 1544 Io.Sturmius
813 1497 901 1545 anno
920 1493 1029 1542 motu
1045 1465 1187 1562 epistula
1204 1463 1251 1532 ad

128 1578 306 1672 Rogcrum
316 1577 525 1650 Aschamum
538 1606 573 1672 p.
585 1582 653 1668 534
671 1586 718 1652 ait
731 1586 816 1656 seed
833 1609 912 1654 eece
929 1581 1153 1667 ,Ascbome,
1168 1579 1251 1669 qui·

128 1688 267 1758 damin
278 1685 345 1756 boc
357 1694 485 1760 vicinia
498 1689 617 1782 (urhis
624 1689 843 1785 Argentorati
855 1692 868 1786 )
880 1693 967 1762 mibi
972 1693 1133 1786 promisit
1143 1687 1253 1755 libros

136 1796 322 1869 Ciceronis
339 1799 385 1870 de
397 1827 471 1895 rep.
487 1800 616 1872 Series
633 1809 713 1872 misi
728 1805 780 1874 ad
797 1829 874 1874 eum
888 1833 897 1870 ε
909 1810 942 1872 si
951 1804 1160 1892 adferrentur
1172 1841 1183 1880 ,
1195 1819 1250 1864 me

127 1905 218 2000 quid
224 1911 358 1997 poterit
374 1931 449 1976 esse
468 1908 603 1978 beamus
615 1918 633 1972 Ἰ
646 1917 859 1980 senatoriam
873 1935 962 2004 prae
981 1935 1034 1978 me
1043 1911 1254 2000 gravitatem

115 2025 246 2111 seram
260 2041 310 2086 ec
319 2023 463 2110 antiqua
475 2017 661 2112 disciplina
674 2067 685 2101 ,
696 2025 728 2086 si
740 2019 903 2088 obtinebo
918 2070 925 2084 .
940 2015 1016 2088 Sed
1026 2037 1063 2088 ut
1073 2039 1164 2086 none
1181 2012 1252 2080 to-

129 2131 246 2193 mines
255 2142 335 2194 sont
346 2173 357 2206 ,
369 2126 472 2196 valde
485 2141 598 2196 metuo
611 2151 654 2204 rte
668 2131 713 2194 sit
724 2124 834 2194 nibil:
845 2126 910 2194 sed
920 2133 952 2194 si
963 2151 1078 2198 verum
1091 2127 1156 2190 sit:
1170 2125 1252 2188 mit·

130 2253 206 2305 tam
224 2241 331 2304 etiam
344 2239 410 2306 tibi
421 2253 485 2306 etc.
504 2261 607 2331 quom
618 2263 741 2308 vereor
758 2263 803 2306 ne
820 2242 866 2306 sit
883 2235 997 2308 nibil!
1020 2251 1256 2306 verumtamen

129 2348 171 2413 in
183 2344 333 2438 epistula
349 2367 451 2439 qoam
464 2345 515 2416 od
532 2371 586 2415 me
599 2351 759 2440 scripsit,
776 2350 918 2440 attingit
935 2345 1013 2412 ioca
1024 2341 1198 2439 quaedam
1217 2355 1255 2410 et

131 2473 256 2520 eorum
267 2467 472 2544 argumenta
485 2497 496 2534 ,
507 2475 595 2547 quoe
614 2476 685 2522 non
700 2469 784 2545 puto
803 2479 878 2520 esse
897 2451 944 2520 de
962 2449 1073 2520 nitito
1088 2499 1097 2518 .
1111 2447 1254 2516 Utinam

129 2573 216 2622 vero
226 2555 383 2626 distincte
392 2575 607 2628 memorasset
615 2559 785 2628 Sturmius
795 2583 833 2628 es
846 2555 922 2626 loca
933 2573 967 2628 et
979 2581 1017 2626 ea
1029 2553 1252 2651 argumenta!

131 2684 230 2730 nunc
247 2661 339 2728 enim
357 2666 529 2734 vaticanus
547 2665 652 2734 codex
670 2665 809 2734 iortassc
828 2666 967 2736 doceret
980 2691 1101 2750 ,verus
1115 2662 1255 2734 nescis·

131 2783 187 2836 set
204 2765 266 2835 ille
283 2791 403 2838 rumor
425 2795 552 2842 necne.
573 2809 591 2824 -
609 2776 682 2842 Iam
700 2791 776 2866 post
794 2772 948 2866 elapsum
968 2774 1154 2842 triennium
1170 2769 1257 2838 haee

133 2875 200 2965 ipsi
218 2876 372 2946 Sturmio
396 2881 564 2950 scribebat
582 2907 622 2951 er
639 2881 765 2979 Anglia
787 2881 978 2953 Aschamus
1001 2909 1036 2974 p.
1049 2907 1120 2976 99²
1143 2903 1253 2976 quae-

132 2981 240 3056 rebot
257 3011 281 3054 α
299 3011 353 3055 me
376 2991 497 3080 (card.
511 2987 650 3085 Polus)
668 3018 717 3062 on
735 2997 916 3087 quicquam
934 3017 997 3088 ego
1016 3011 1165 3085 unquam
1183 2983 1257 3062 vidi

133 3092 185 3166 de
201 3095 304 3166 libris
327 3095 509 3171 Ciceronis
526 3101 574 3170 de
587 3100 856 3195 rep.Aiebatse
874 3103 982 3170 semei
1001 3101 1105 3168 ’MM·
1123 3121 1256 3166 aureo-

134 3222 215 3281 rum
233 3213 478 3300 consumpsisse
491 3205 660 3276 mittendo
679 3224 774 3277 certo
793 3208 945 3302 quodam
964 3206 1160 3274 bominem
1179 3203 1259 3270 1³0-
1352 3289 1356 3296 ,
1379 3293 1382 3300 Δ

133 3307 296 3392 lancem,
312 3323 373 3405 qui
384 3339 445 3382 eos
456 3315 565 3380 libros
575 3318 817 3405 perquireret,
835 3334 977 3404 quorum
989 3308 1063 3382 illic
1075 3319 1259 3386 inveniere·

133 3416 263 3488 dorum
281 3442 376 3511 spem
393 3417 535 3512 quidam
554 3417 857 3512 eifeoerat.1igo
875 3422 992 3488 strom
1009 3427 1155 3494 narravi
1169 3421 1256 3517 quisi

136 3542 176 3596 tu
194 3524 247 3594 od
262 3551 317 3598 me
336 3527 418 3596 oiim
436 3525 482 3595 de
501 3525 572 3594 illis
588 3527 688 3595 libris
703 3551 712 3590 ε
742 3541 778 3596 et
793 3531 929 3622 rogavit
945 3529 1051 3598 ot'asi
1072 3547 1107 3600 te
1126 3533 1258 3603 scribe-

134 3661 238 3720 rem,
261 3655 299 3708 ιιι
320 3643 483 3708 sciremus
506 3684 517 3721 ,
535 3638 660 3732 ecquid
676 3662 720 3708 ne
738 3643 826 3708 certi
842 3639 888 3708 de
905 3642 977 3714 ilb's
993 3643 1094 3714 libris
1112 3691 1123 3712 .
1145 3681 1165 3698 ·
1182 3641 1258 3714 An-

134 3747 236 3818 dreas
254 3748 422 3816 Patricius
440 3744 585 3839 polonus
604 3793 615 3830 ,
637 3746 741 3837 praei.
762 3747 806 3815 sd
828 3743 947 3842 fragm.
967 3750 1009 3820 de
1032 3775 1102 3842 rep.
1124 3749 1178 3845 (4)
1207 3753 1256 3824 sic

2 3929 4 3950 ¹
136 3847 326 3946 loquiturr
349 3851 437 3924 boec
464 3879 540 3926 cem
567 3855 784 3936 scriberem,
818 3880 862 3924 ac
890 3881 1007 3926 comm
1038 3859 1084 3930 do
1114 3885 1187 3950 rep.
1210 3859 1258 3926 li·

136 3962 282 4037 brorum
310 3970 481 4038 iocmrem
516 3969 640 4036 tacitos
669 3985 800 4032 mecum
828 3961 1056 4044 meditarer,
1090 3969 1258 4036 narram't

140 4071 231 4144 mibi
254 4089 424 4168 patronus
450 4088 487 4144 et
514 4077 646 4142 amicus
663 4095 809 4142 ememus
824 4093 920 4138 meus
938 4068 1101 4163 (ridetur
1118 4067 1264 4161 Philip-

183 4197 234 4262 (ι)
257 4191 374 4252 fabric
393 4190 468 4254 bibl.
490 4191 594 4252 latin
614 4189 677 4252 Cic
724 4187 823 4262 Polo(
834 4185 1257 4264 dequomoxfllessaricnem.

139 4271 228 4335 ttihil
248 4287 347 4334 tamen
364 4276 404 4334 ait
421 4276 581 4338 haedere
598 4277 679 4336 Bru-
705 4343 709 4350 Ι
767 4279 815 4346 (c)
834 4269 958 4330 Bardin.
972 4271 1187 4350 vit.Bessar.p.
1206 4291 1257 4330 ar.

144 4355 291 4416 dirimire
313 4360 372 4419 vita
389 4359 586 4431 bessarioniss
604 4380 679 4437 qua-
767 4355 815 4426 (3)
838 4355 966 4412 T⁰ffl·1¹·
978 4374 1041 4432 ΜΡ·
1053 4373 1124 4413 ΜΒ·
1132 4373 1165 4433 P·
1183 4351 1256 4426 483,

143 4459 177 4502 rs
192 4441 265 4504 licet
281 4441 427 4528 suspicari
444 4443 597 4512 morsum
613 4461 681 4510 esua
769 4439 817 4522 ti)
837 4435 894 4504 Ed.
910 4457 943 4531 a,
958 4451 1057 4514 seret,
1072 4455 1119 4528 rr·
1135 4453 1255 4512 mut,
