3276 5660
504 507 720 590 arnna
762 525 811 587 ιι.
860 551 863 558 -
1114 521 1202 620 207

168 641 296 730 XL..
315 709 325 730 .
344 659 430 734 .t¹).
452 666 486 716 S·
512 675 637 764 quem
661 639 896 726 iandudnm
913 662 958 727 (a)
974 669 1136 760 quaero
1163 665 1204 732 et
1235 657 1267 714 Ρ.
1292 679 1338 738 ¹s·

101 781 157 868 ad
171 803 218 876 (t)
237 815 364 902 quern
381 786 508 900 cupio
525 783 766 898 peruenire.
783 809 820 864 ι.
836 779 1091 866 Prudentem
1108 780 1204 868 sor-

99 941 209 1006 tasse
226 929 390 1039 qnaeris
409 923 494 1014 tel?
521 947 554 1000 s-
574 921 807 1028 Tumida,
832 923 958 1006 istum
976 924 1115 1035 ipsum
1134 989 1145 1008 .
1168 938 1204 992 L·

99 1058 178 1147 Est
193 1061 271 1147 tibi
289 1068 416 1186 exeis
435 1081 483 1156 (a)
502 1065 598 1178 ipsis
616 1067 691 1184 qui
709 1060 861 1148 adsunt
877 1060 989 1146 bella
1001 1081 1042 1150 (ε)
1062 1063 1204 1175 copia,

138 1244 184 1320 (⁸)
210 1248 283 1304 Exin
302 1249 441 1328 adusque
452 1251 522 1308 libri
532 1251 560 1308 lt
571 1249 658 1307 finem
669 1261 825 1328 supersunt
843 1249 874 1305 in
892 1247 994 1307 codice
1007 1250 1131 1326 paginae
1141 1263 1205 1308 tan·
1276 1265 1280 1270 '
1395 1257 1403 1276 ¹

93 1340 160 1386 turn
179 1331 246 1388 sei.
269 1334 396 1403 Quaeret
406 1334 512 1410 aliquis
531 1347 603 1408 quot
615 1333 661 1390 uel
673 1333 879 1410 quaterniones
900 1331 946 1390 uel
964 1333 1089 1410 paginae
1107 1334 1203 1392 iubis

91 1413 256 1488 postremis
266 1416 388 1473 secundi
399 1415 469 1474 libri
479 1415 591 1474 lacunis
602 1431 668 1492 post
679 1415 899 1492 quaternionem
911 1419 993 1473 xxirr
1005 1417 1125 1472 amissae
1135 1418 1205 1476 sinti

94 1495 189 1552 Primi
211 1496 332 1573 quidem
342 1499 412 1558 libri
424 1499 629 1578 quaterniones
639 1501 758 1556 luerunt
769 1521 845 1570 xur,
863 1517 988 1578 quorum
997 1513 1123 1575 quatuor
1131 1521 1205 1578 pro-

92 1575 246 1636 boemiam
265 1585 441 1662 occupauit.
460 1585 559 1660 Igitur
576 1583 599 1638 si
617 1581 696 1640 libro
712 1583 841 1641 secundo
857 1603 960 1662 parem
974 1583 1083 1642 molem
1116 1584 1204 1640 attri-

91 1659 185 1723 buere
203 1661 292 1732 licet,
310 1664 335 1720 is
346 1666 466 1743 quidem
476 1667 554 1724 ultra
565 1665 788 1742 quaternionem
799 1689 875 1726 xxvi
888 1686 947 1724 non
964 1667 1124 1742 processit.
1143 1668 1204 1728 Ve«

96 1763 162 1803 rum
173 1745 254 1806 idem
264 1747 342 1805 liber
351 1749 529 1828 pauloinsra
547 1750 646 1828 potius
658 1750 822 1808 constitisse
832 1751 970 1818 uidetur3
987 1761 1048 1806 tum
1059 1749 1124 1824 quia
1135 1771 1205 1826 pro·
1294 1803 1296 1808 ,
1317 1771 1319 1778 ’

91 1824 214 1888 boemia
229 1831 323 1890 caruit
330 1859 339 1901 3
356 1847 418 1890 turn
429 1833 498 1910 qnia
508 1833 612 1892 tertius
622 1833 718 1904 liber,
733 1835 782 1909 qui
793 1854 899 1891 nouum
910 1831 1115 1909 prohoemium
1131 1853 1204 1909 prae

93 1913 215 1984 essert,
239 1915 270 1972 in
289 1916 483 1992 quaternione
492 1939 598 1978 xxvitt
612 1919 672 1979 iam
688 1917 839 1992 dialogum
853 1917 1012 1974 instaurat.
1033 1917 1111 1992 Ergo
1129 1915 1202 1972 mihi

92 1996 243 2054 secundus
257 1997 413 2056 liberante
431 2000 589 2058 dimidium
600 2002 660 2058 lere
673 2001 896 2078 quaternionem
914 2021 990 2058 xxva
1012 1998 1204 2060 desinisseui-

91 2077 202 2136 detur.
223 2079 260 2138 ld
277 2083 301 2138 si
327 2101 397 2142 uere
419 2082 559 2152 coniicio,
577 2081 681 2142 solium
704 2085 823 2164 quidem
841 2105 891 2161 pp.
904 2101 948 2157 ¹9·
962 2101 1010 2142 ao.
1022 2080 1070 2144 25.
1082 2083 1121 2141 26
1146 2081 1204 2138 en‘t

90 2163 258 2221 secundum
278 2163 325 2239 trel
347 2163 469 2224 tertium
486 2167 686 2244 quaternionis
706 2189 782 2226 xxrv
802 2181 853 2223 aut
872 2187 945 2224 xxv.
964 2162 1080 2222 Folium
1107 2179 1203 2224 autem

90 2262 231 2320 pp.9.1o.
252 2247 312 2316 Μ
331 2247 386 2307 erit
409 2249 479 2306 item
499 2252 660 2310 secundum
685 2249 733 2307 ucl
759 2251 879 2307 tertium
894 2246 1094 2322 quaternionis
1112 2270 1201 2306 xxvr.

91 2327 169 2386 Tum
190 2329 297 2387 lolium
315 2349 367 2408 pp.
388 2353 457 2412 207.
478 2332 548 2392 208.
577 2355 646 2393 aot.
677 2354 735 2394 aaa
761 2334 817 2392 erit
843 2332 973 2390 medium
1002 2331 1201 2406 quaternionis

94 2429 202 2470 xxvrr.
223 2413 359 2490 Denique
376 2413 480 2472 lolium
497 2419 601 2492 pp-ub,
622 2423 670 2486 24.
684 2437 731 2474 ar.
752 2437 788 2476 αα
807 2428 908 2471 notam
926 2412 1018 2470 habet
1029 2413 1201 2489 inscriptam

92 2493 297 2564 quaternionis
315 2519 433 2557 xxvrrr.
453 2498 512 2557 Sed
528 2497 602 2558 haec
611 2541 622 2569 ,
639 2511 673 2563 ut
687 2498 763 2568 dixi,
775 2496 951 2557 coniecturis
968 2499 1079 2573 partim
1098 2499 1202 2556 nitun-

93 2584 160 2645 tur,
181 2597 277 2654 neque
292 2580 362 2636 satis
384 2580 568 2656 exploratum
587 2596 630 2639 est
647 2593 768 2656 quotam
789 2581 907 2640 omnino
923 2591 1037 2658 partem
1062 2581 1202 2642 loliorum

92 2671 143 2716 ant
152 2661 379 2736 quaternionum
390 2664 506 2740 utrique
516 2663 596 2724 libro
605 2664 767 2725 attribuere
777 2676 911 2744 oporteat
922 2703 928 2722 .
941 2664 1000 2722 Sed
1011 2678 1090 2722 certe
1102 2688 1117 2722 a
1127 2687 1203 2742 qua-

91 2745 227 2802 ternione
250 2765 331 2802 xxrn
351 2747 391 2803 ad
408 2746 478 2805 libri
496 2747 584 2807 finem
602 2769 696 2806 sermo
715 2749 772 2806 tuit
788 2749 825 2808 de
842 2761 948 2804 natura
967 2767 1041 2822 quae
1061 2749 1202 2806 modera-
1296 2761 1302 2770 '

89 2825 201 2886 tionem
220 2829 419 2907 iustitiamque
435 2833 539 2889 suadet
557 2845 585 2888 et
607 2843 723 2902 seruat,
744 2833 782 2890 de
799 2829 917 2908 imperii
936 2850 970 2886 ac
988 2829 1134 2888 libertatis
1145 2851 1201 2886 na-

90 2912 181 2968 turali
200 2913 428 2990 temperatione,
446 2912 483 2970 de
501 2913 618 2991 politici
635 2913 764 2972 hominis
781 2911 940 2992 prudentia
958 2933 992 2970 ae
1010 2912 1200 2982 dexteritate,

90 3011 176 3066 quem
194 2996 316 3072 quidem
336 3015 351 3049 a
370 3016 402 3052 se
419 2993 484 3070 ipso
503 2996 636 3054 docendo
656 2995 895 3072 instituendoque
905 2995 1021 3055 initium
1039 2999 1134 3058 lacere
1145 2999 1201 3055 de-

91 3089 154 3133 cet.
182 3077 256 3134 Exin
276 3079 353 3134 dicta
382 3087 448 3132 sunt
465 3075 517 3132 illa
537 3077 689 3151 aliquanto
715 3079 803 3134 latius
831 3091 918 3149 atque
947 3076 1086 3146 uberius,
1105 3093 1137 3135 ut
1157 3080 1200 3134 ait

87 3159 292 3232 Augustinus,
312 3157 350 3213 de
361 3156 488 3212 iustitiae
500 3158 688 3224 necessitate,
697 3159 835 3233 libroque
851 3157 989 3230 imposita
1004 3157 1119 3214 coronis
1131 3161 1196 3214 suit.

128 3247 178 3314 ¹(a)
203 3241 248 3298 lta
266 3239 330 3298 cod.
350 3259 407 3316 pro
424 3239 622 3298 t'amdudum'.
649 3239 694 3310 (b)
717 3241 791 3298 cod.
809 3251 857 3296 at.
878 3243 920 3308 (c)
944 3241 988 3296 lta
1008 3225 1200 3314 distinguitur

90 3321 122 3380 in
142 3323 245 3382 codice
261 3331 459 3402 postqnueris
472 3335 603 3402 ‚puncto
614 3321 727 3380 scilicet
738 3323 872 3379 adiecto·
896 3323 945 3396 (tl)
963 3321 1076 3400 Nempe
1085 3330 1128 3381 eis
1143 3345 1200 3408 pro

34 3461 39 3468 ‚
90 3408 153 3465 dis.
182 3415 223 3484 (e)
247 3409 293 3467 lta
311 3407 378 3464 cod.
398 3427 422 3462 r.
439 3427 549 3480 manu3
567 3419 635 3466 uta.
649 3406 787 3467 mendose
804 3407 878 3472 betti
888 3445 894 3459 .
1192 3415 1195 3424 “

89 3569 179 3634 stitia
198 3589 408 3645 sermonem,
429 3585 530 3655 quem
547 3563 622 3632 Au·
669 3567 810 3634 tentiam
828 3566 975 3632 auctoris
994 3561 1040 3656 s)
1072 3567 1115 3633 ad
1145 3566 1198 3636 ius¹

91 3663 244 3750 gostinus
264 3661 304 3728 C.
318 3661 360 3726 D.
374 3659 419 3727 11.
437 3683 476 3726 ar
499 3660 545 3724 ait
570 3681 622 3722 se-
668 3659 846 3724 uniuersae
875 3674 1037 3738 naturae,
1062 3683 1120 3726 seu
1140 3683 1199 3751 ge·

84 3755 204 3821 vcundo
212 3751 301 3819 libro
314 3765 470 3840 coeptum
480 3767 616 3840 totoque
664 3751 807 3819 neratim
826 3752 992 3817 societatis
1004 3751 1173 3818 humanae
1187 3797 1197 3830 ,

87 3847 189 3910 aenio
230 3859 462 3930 protractum.
502 3845 618 3926 Quum
664 3842 1197 3912 demonstrandumacceditidem

89 3935 181 4000 enim
192 3955 349 4002 romanae
368 3935 451 4021 reip.
464 3929 617 4019 exemplo
664 3931 779 4018 Scipio
793 3957 802 3994 ε
814 3933 914 3998 sicuti
927 3935 1098 4020 superiore
1108 3931 1196 4000 libro

86 4024 400 4115 tomamopumam
408 4024 554 4088 ciuitatis
562 4021 620 4090 tin-
665 4046 738 4111 cap.
757 4041 897 4103 xxxvl,
910 4040 948 4090 nt
966 4024 1067 4092 unius
1086 4025 1197 4090 domi·

89 4119 190 4186 xisset
201 4119 334 4208 Scipio,
354 4115 493 4184 Tubero
506 4133 618 4181 tamen
663 4131 782 4184 natum
800 4115 977 4194 suaderet,
996 4115 1134 4182 naturaie
1155 4141 1195 4182 u·

89 4213 297 4296 praedictam
320 4214 507 4301 imaginem
525 4206 619 4276 urbis
665 4208 818 4278 niuersae
838 4209 1065 4284 testimonium
1092 4209 1196 4273 iuno-2
1249 4215 1253 4224 '

85 4317 124 4366 et
137 4305 259 4396 populi
287 4303 390 4369 nimis
405 4299 641 4370 circumseri-²
666 4317 918 4389 cauerat,quam
929 4299 1062 4390 physici
1073 4301 1116 4364 ab
1129 4325 1196 4366 una

85 4411 265 4486 plumesce
278 4389 619 4484 indicaret(sicenim
664 4407 775 4458 mente
798 4395 870 4484 regi
905 4391 1111 4459 sentiebant.
1137 4396 1195 4462 Est

87 4485 166 4557 heic
197 4489 400 4560 continuare.
426 4481 507 4558 licet
541 4507 618 4552 sen·
663 4500 778 4556 autem
805 4483 977 4578 praeclara
1005 4487 1193 4564 transitioa
