3262 5662
442 487 524 580 ¹7²
768 492 831 552 nn
856 495 925 553 nn
959 493 1189 558 evetita

214 581 402 742 ffflg'ffie
434 610 559 695 iuria's
584 608 698 697 bello
724 631 785 698 est
801 613 914 698 ultus
933 655 944 720 ς
978 647 1027 700 ex
1043 645 1130 732 quo
1148 643 1247 699 cum
1264 607 1347 728 mall
1364 677 1375 698 .
1391 677 1403 697 .
1421 677 1433 698 .
1451 676 1463 697 .
1484 629 1537 702 ω’
1627 595 1628 660 l

214 747 307 894 ⁴¹¹⁸}-
329 849 396 914 m·
433 793 440 804 ·
477 753 627 873 ΙΧΧΙΙ
629 819 819 843 .....
863 763 1046 874 scripsi(
1081 764 1305 845 centurias
1339 762 1538 876 eqttitum

429 894 519 982 duo
543 897 599 986 'de
623 902 771 1018 uiginti
795 933 922 987 censu
945 904 1128 988 maximo
1157 967 1168 986 .
1200 898 1369 985 Deinde
1401 899 1530 1016 equi-

427 1065 520 1130 tum
549 1073 702 1162 magno
733 1076 908 1131 numero
947 1048 1147 1132 exomni
1184 1043 1333 1160 populi
1370 1070 1535 1128 summa

427 1205 654 1299 separato,
686 1187 890 1274 relicuum
914 1211 961 1280 (a)
991 1187 1198 1303 populum
1233 1181 1450 1272 distribuit
1488 1185 1536 1268 in

427 1309 619 1444 utrinque
650 1327 821 1435 classis,
861 1332 1127 1446 senioresque
1153 1359 1175 1412 a
1200 1323 1439 1412 iunioribus
1464 1323 1534 1408 di·
1622 1358 1626 1445 ff

312 1495 316 1504 ·
426 1470 524 1552 nisit
554 1495 601 1562 (α)
636 1501 647 1553 :
688 1501 845 1587 eosque
877 1473 933 1554 ita
965 1469 1228 1585 disparauit,
1261 1489 1309 1552 ut
1340 1468 1535 1584 suffragia
1625 1456 1626 1503 ³

423 1639 512 1697 non
536 1614 581 1697 in
606 1611 890 1699 multitudinis
914 1611 989 1698 sed
1018 1614 1062 1696 in
1096 1611 1374 1724 locupletium
1403 1632 1531 1725 pote-

423 1770 525 1836 state
549 1775 682 1840 essent
704 1773 750 1848 (3)
766 1791 776 1844 :
795 1757 1039 1874 curauitque
1053 1813 1066 1860 ,
1081 1753 1202 1873 quod
1224 1783 1388 1868 semper
1412 1754 1459 1838 in
1482 1784 1528 1838 re
1621 1868 1622 1874 Ν

225 2016 228 2024 ff
304 1875 318 1900 ‘
419 1897 591 2012 publica
614 1899 846 1988 tenendum
871 1923 969 2006 est,
1010 1929 1063 1984 ne
1094 1897 1328 2012 plurimum
1359 1895 1526 1986 ualeant

265 2053 298 2114 Ρ·
323 2052 390 2116 ¹⁰⁸·
422 2041 595 2156 plurimi
611 2069 689 2138 tt).
722 2043 843 2154 Quae
864 2051 870 2162 l
893 2045 1109 2162 discriptio
1130 2063 1176 2136 (b)
1196 2045 1231 2129 si
1254 2064 1359 2130 esset
1383 2045 1530 2164 ignota
1620 2141 1621 2145 Ν

429 2210 432 2218 “
463 2211 510 2282 (a)
532 2209 579 2268 lte
597 2209 662 2267 eod.
710 2213 755 2288 (ὂ)
778 2215 823 2271 lte
840 2214 906 2272 cod.

427 2367 436 2375 “
469 2355 524 2445 (1)
548 2357 597 2424 Ex
626 2352 789 2444 Dionysio
826 2370 882 2416 lv,
907 2381 950 2450 ²7
992 2331 1532 2428 itumseniores,utait'l'ube-
1618 2394 1619 2413 t

416 2445 643 2532 supplendum
660 2445 798 2512 uidetur
815 2469 865 2512 ex
882 2471 947 2538 quo
995 2469 1034 2510 ro
1059 2447 1150 2534 apud
1170 2439 1324 2511 Gellium
1342 2465 1378 2510 x.
1398 2445 1453 2514 ²8.

415 2554 492 2600 cum
522 2562 683 2630 magnam
712 2541 792 2627 agri
810 2556 946 2628 partem
1042 2533 1094 2626 (3)
1121 2537 1300 2605 Rationem
1333 2535 1383 2598 rei
1412 2529 1526 2600 reddit

422 2623 651 2706 Caeretanis,
688 2629 947 2718 Tarquiniensi·
995 2627 1121 2694 Paulus
1146 2627 1237 2716 apud
1267 2621 1420 2693 Gellium
1438 2643 1524 2692 xvi.

417 2717 481 2788 hur
521 2719 784 2814 Ver'entr'busque
821 2721 949 2788 adem⁴
1001 2745 1052 2790 ro:
1071 2725 1232 2814 quoniam
1251 2721 1525 2810 respeeuniaque

413 2829 511 2904 ptam
534 2829 654 2880 metus
670 2829 779 2892 esset,
798 2837 876 2880 eam
894 2819 951 2881 in·
981 2814 1181 2903 familiaris
1200 2811 1331 2880 obsidis
1343 2815 1459 2894 pu'cem
1467 2815 1526 2902 pi-

411 2921 467 2972 τεν
482 2910 575 2973 ciues
603 2910 785 2973 nouissime
809 2905 946 2974 adseri·
988 2912 1173 2998 gnorisque
1192 2931 1266 2972 esse
1288 2902 1385 2997 apud
1412 2927 1523 2993 remp.
1615 2940 1619 2981 .‘

436 3014 489 3062 tos
499 2997 638 3064 diuisit.
659 2997 813 3086 Namque
834 2998 945 3086 ipsum
990 3000 1148 3066 uidetur.
1169 2993 1262 3081 Quin
1285 2997 1367 3064 adeo
1387 2995 1523 3085 grauius

407 3023 543 3155 bellum
560 3106 755 3170 etruscum,
779 3089 841 3156 etsi
860 3092 944 3158 Dio·
992 3091 1140 3159 obaerati
1165 3101 1273 3178 remp.
1304 3109 1419 3180 gerere
1449 3083 1525 3178 lege

409 3183 528 3272 nysius
547 3183 583 3247 in
601 3199 765 3250 extremos
785 3228 795 3261 ,
823 3183 943 3252 Liuius
989 3183 1215 3263 nutabantur,
1241 3181 1320 3271 quia
1339 3179 1523 3258 nimirum,

410 3288 524 3341 tamen
548 3276 576 3340 Ι.
598 3273 640 3358 42
661 3275 697 3340 in
715 3275 843 3362 primos
862 3275 943 3341 Ser·
990 3293 1029 3342 ut
1046 3278 1092 3340 ait
1110 3275 1340 3342 ambrosianus
1352 3274 1523 3360 interpres

407 3363 458 3428 uii
477 3387 582 3431 annos
596 3365 725 3432 confert
738 3415 745 3430 .
760 3367 868 3429 lmmo
882 3389 943 3430 ue·
989 3363 1077 3454 prol.
1099 3367 1142 3432 ed
1161 3390 1211 3432 or.
1231 3367 1273 3432 de
1291 3389 1359 3430 ner.
1380 3361 1424 3428 al.
1445 3361 1525 3429 Mil.

406 3475 446 3522 ro
467 3456 585 3524 Victor
605 3458 651 3522 ait
668 3457 826 3522 Etruscos
845 3477 943 3540 saepe
989 3481 1114 3548 magno
1138 3483 1221 3524 aare
1251 3457 1368 3525 alieno
1393 3455 1526 3543 desu-

406 3548 450 3611 ab
461 3547 610 3614 coluisse
622 3547 776 3612 domitos.
789 3541 873 3636 Agri
887 3567 944 3610 ee·
989 3553 1105 3614 norati
1129 3547 1287 3638 praedae
1314 3549 1526 3616 uidebantur·

406 3639 541 3724 teroqui
566 3635 698 3724 publici
728 3638 816 3702 inter
846 3637 938 3702 ciues
984 3636 1137 3708 babituri
1154 3665 1228 3708 esse
1265 3665 1371 3730 remp·
1395 3639 1524 3708 Confer

406 3728 509 3796 diuisi
532 3752 551 3792 u
570 3729 689 3795 Seruio
708 3751 851 3820 regnum
874 3729 939 3794 ad·
986 3730 1058 3798 Cic.
1074 3729 1198 3820 philip.
1217 3733 1262 3798 ΙΙ.
1279 3756 1312 3812 2,
1325 3747 1358 3797 et
1377 3730 1523 3800 suidam

404 3837 505 3888 eunte
530 3820 686 3886 meminit¹
706 3821 775 3908 ipse
800 3821 937 3914 Diony·
983 3844 1060 3888 noc.
1081 3819 1253 3914 ι’νῶιιξις.

347 3989 354 3998 ,
404 3914 473 3980 sius
486 3933 541 3980 tv.
558 3913 607 3980 13.
624 3911 766 4001 Reliqua
780 3937 857 4001 pars
881 3912 937 3980 la·
1031 3911 1084 4005 (4)
1099 3918 1229 3982 Locum
1237 3915 1331 3984 hunc
1344 3935 1520 4005 praeocu-

404 4029 511 4072 cunae
543 4021 728 4095 occupatur
755 4007 853 4072 initio
872 4009 937 4074 de-
983 4005 1025 4074 lis
1050 4007 1208 4076 habuisse
1227 4010 1366 4076 uidetur
1378 4007 1520 4095 nimpe-

404 4099 574 4165 scribendi
583 4121 701 4166 census
710 4099 936 4190 ordinumque
983 4097 1051 4166 lius
1064 4125 1137 4191 cap.
1147 4099 1281 4191 penult.
1296 4103 1357 4168 ubi
1369 4101 1439 4178 ait,
1455 4123 1521 4168 cu·
1625 4165 1626 4186 ,

403 4189 582 4272 ciuiliuml.
980 4193 1520 4285 ratumaSeruiorege,utopti·

417 4280 503 4374 (η)
541 4285 700 4354 leniores
749 4282 932 4375 appellauit
979 4311 1053 4354 mus
1070 4303 1106 4353 et
1123 4285 1404 4379 locupletissimus
1421 4289 1518 4376 quis·

402 4373 542 4441 Seruius
560 4377 602 4442 ab
615 4401 703 4446 enno
717 4397 803 4448 xvlt
823 4401 945 4467 nsque·
975 4401 1039 4471 que
1053 4385 1090 4446 t'n
1103 4375 1327 4472 suffragiis&
1336 4395 1389 4444 est
1399 4379 1437 4441 in
1447 4399 1517 4467 po·

320 4557 324 4566 1
402 4463 445 4531 sd
464 4485 572 4546 xnvu
591 4493 759 4584 supr-aspre
779 4495 931 4541 eumen·
971 4471 1057 4562 pulo
1075 4497 1232 4557 romano,
1240 4471 1426 4570 plurimum
1444 4493 1516 4540 w·
1622 4563 1625 4632 ⁴
