3246 5664
435 503 498 598 66
781 539 843 602 nr
875 533 938 600 aa
969 525 1198 600 rvanrcs

370 673 375 702 ¹
433 671 572 738 tamen
596 671 641 739 ot
661 650 898 742 domesticis
919 647 1149 767 praeceptis
1173 667 1222 738 (ι)
1245 639 1383 732 multo
1408 645 1539 763 magis

298 817 301 826 ’
433 789 646 880 eruditum
670 824 799 912 quam
822 792 1000 880 litteris.

271 964 306 1024 e.
324 967 396 1032 aas.
490 933 656 1024 XXIII.
687 937 771 1024 Hic
802 934 980 1042 Philus,
1012 962 1100 1020 non
1123 928 1137 1048 fl
1160 925 1329 1018 hercule
1367 935 1537 1058 inquit,

429 1076 595 1191 Scipio,
624 1073 778 1163 dubito
795 1077 901 1196 quin
916 1072 996 1161 tibi
1013 1073 1451 1191 ingeniopraestiterit
1468 1109 1539 1165 ne·

427 1243 502 1299 mo
519 1275 534 1325 ,
566 1249 646 1306 usu
669 1215 844 1338 quidem
861 1219 905 1306 in
923 1249 967 1304 re
983 1211 1154 1334 publica
1170 1243 1312 1299 rerum
1329 1219 1538 1304 maxima-

427 1393 526 1448 rum
565 1365 689 1452 facile
725 1366 865 1450 omnis
910 1361 1061 1449 uiceris
1095 1385 1178 1453 to:
1209 1357 1367 1478 quibus
1396 1383 1537 1451 autem

428 1505 577 1594 studiis
608 1533 772 1624 semper
804 1504 933 1592 fueris
965 1525 1154 1612 tenemus
1187 1523 1264 1596 (5).
1304 1505 1450 1616 Quam
1484 1505 1537 1591 ob

427 1650 576 1734 remei
601 1707 618 1754 ,
648 1669 696 1742 ut
727 1645 862 1754 dicis,
895 1649 1086 1733 animum
1120 1677 1294 1767 quoque
1326 1647 1536 1734 contulisti

425 1788 470 1874 in
493 1789 612 1876 istam
644 1793 851 1880 rationem
874 1811 915 1876 et
937 1793 1057 1910 quasi
1081 1809 1210 1878 artem
1234 1847 1248 1898 ,
1280 1787 1416 1877 habeo
1440 1821 1537 1876 ma·-

427 1931 580 2018 ximam
604 1937 777 2052 gratiam
792 1933 965 2034 Laelio:
998 1961 1121 2048 spero
1138 1934 1251 2021 enim
1267 1933 1403 2019 multo
1422 1931 1536 2018 ube-

429 2075 542 2160 riora
565 2075 657 2162 fore
681 2107 789 2196 quae
811 2107 834 2161 a
857 2097 898 2160 te
923 2071 1146 2182 dicentur,
1179 2105 1307 2194 quam
1332 2073 1404 2160 illa
1429 2104 1536 2194 quae

266 2239 299 2298 e.
318 2241 386 2310 224.
421 2247 444 2302 a
468 2211 640 2304 Graecis
663 2215 787 2304 nobis
816 2219 967 2332 scripta
991 2235 1089 2302 sunt
1130 2217 1270 2302 omnia
1289 2241 1364 2314 (t).
1391 2217 1401 2332 Ι
1423 2217 1538 2310 Tum

426 2347 552 2467 ille,
578 2387 853 2478 permagnam
885 2379 933 2444 tu
965 2353 1142 2475 quidem
1177 2356 1537 2473 expectationem,

383 2607 388 2616 ·
468 2565 523 2680 (r)
549 2570 735 2662 Utriusque
747 2571 868 2640 domus
880 2594 959 2640 cor·-
999 2573 1071 2640 otio
1101 2568 1158 2638 dis
1181 2573 1308 2652 wrxit,
1336 2593 1539 2666 semperque

226 2713 231 2722 .
420 2657 530 2729 nelroe
553 2677 588 2728 et
605 2659 778 2732 aemiliae.
998 2679 1059 2730 aut
1087 2597 1181 2729 bold
1200 2679 1261 2730 aut
1288 2667 1389 2756 pacis
1417 2669 1537 2734 seruiit

332 2761 336 2770 '
468 2753 523 2847 (a)
547 2755 676 2822 Eodem
711 2752 779 2822 iere
815 2751 958 2822 laudum
998 2753 1149 2822 artibus:
1172 2777 1307 2846 semper
1323 2759 1416 2824 inter
1437 2781 1538 2826 arm

419 2849 541 2935 geneie
558 2845 734 2914 blanditur
753 2849 873 2916 Crasso
898 2848 957 2914 di·
998 2869 1040 2912 se
1057 2845 1173 2912 rudia
1184 2859 1361 2926 uersatus,
1379 2864 1442 2914 aut
1458 2872 1537 2916 cor·

420 2953 598 3024 sputaturo
616 2938 653 3004 in
683 2935 771 3005 libro
795 2939 838 3006 de
856 2960 906 3006 or.
926 2941 954 3030 Ι,
993 2935 1302 3029 purpericulisaut
1316 2942 1472 3006 onim
1483 2939 1537 3008 di-

418 3027 464 3094 23
489 3029 625 3096 Mucius
643 3025 829 3110 Scaeuola,
849 3031 876 3096 ia
900 3033 955 3096 ni·
996 3028 1348 3119 aciplioiseatsrcuit.
1440 3091 1444 3100 ,
1531 3084 1534 3090 .

417 3119 544 3187 ntirum
573 3121 633 3213 qni
671 3121 723 3188 Itis
752 3143 888 3212 quoque
912 3123 955 3188 do
1043 3117 1097 3210 (4)
1122 3119 1212 3186 Haec
1233 3135 1281 3184 fet
1304 3121 1482 3210 sequentia
1504 3125 1536 3194 in

417 3233 488 3299 rep.
510 3211 652 3307 dialogis
676 3211 872 3281 adulescens
896 3215 955 3280 in-
997 3211 1142 3278 auetoris
1170 3225 1204 3275 et
1222 3211 1333 3299 operis
1362 3233 1535 3282 common·

417 3315 531 3371 terest.
714 3343 717 3349 ι
997 3303 1196 3370 dationema
1216 3303 1380 3372 Cicerone
1394 3304 1466 3372 dici
1477 3331 1536 3374 ne-

465 3391 519 3485 (3)
544 3393 636 3462 Phili
655 3393 794 3460 nimiam
812 3393 954 3460 ineom-
996 3416 1052 3462 mo
1070 3415 1139 3460 non
1164 3393 1283 3460 uidet:
1303 3395 1400 3460 cuius
1426 3399 1535 3486 operis

416 3488 643 3554 memorandis
653 3487 819 3573 Scipionis
833 3486 952 3552 studiis
995 3507 1103 3576 quum
1113 3507 1190 3576 para
1204 3500 1296 3550 tanta
1313 3483 1410 3555 nobis
1422 3489 1534 3556 adhue

414 3571 620 3642 breuitatem
647 3592 839 3666 compensat
856 3576 953 3643 nobis
995 3578 1101 3658 desit,
1125 3573 1274 3670 palmam
1304 3575 1425 3646 Tullio
1456 3603 1534 3672 praa

415 3663 570 3732 Velleius
601 3670 627 3735 I.
656 3671 706 3738 13:
734 3665 852 3762 Scipio
881 3685 953 3736 tom
996 3669 1228 3759 copiosissimis
1245 3669 1395 3760 graecis,
1413 3669 1534 3738 Plato-

413 3755 557 3850 elagans
590 3762 784 3831 liberalium
819 3759 953 3830 studio·
995 3785 1037 3828 ne
1062 3757 1223 3828 uidelicet
1257 3776 1292 3826 et
1314 3757 1533 3843 Aristotele,

413 3873 488 3920 rum
519 3860 693 3948 omnisque
711 3856 894 3922 doctrinae
915 3869 952 3920 et
995 3849 1126 3920 deferre
1143 3847 1340 3918 nonlicet.
1370 3853 1475 3922 Certe
1499 3871 1534 3925 et
1605 3917 1606 3930 2

411 3959 533 4012 auctor
562 3963 598 4014 et
625 3949 821 4016 admirator
840 3949 950 4032 suit,
993 3939 1074 4009 libri
1115 3940 1249 4011 tulliani
1280 3944 1324 4010 de
1365 3941 1530 4038 legibus,
1605 3947 1606 3958 *

274 4077 285 4088 ·
410 4053 447 4103 ut
470 4035 654 4128 Polybium
678 4041 950 4128 Panaetiumque
992 4053 1247 4124 praeterquam
1266 4035 1361 4124 quod
1379 4035 1530 4127 imperse·

406 4131 661 4221 praecellentes
685 4136 826 4224 ingenio
856 4133 951 4197 ut’ros
992 4129 1038 4191 cti
1051 4125 1293 4209 sunal'lotonic
1304 4126 1529 4221 homonymos
1605 4153 1606 4168 ¹

409 4219 507 4287 domi
524 4224 733 4317 militiaeque
751 4245 863 4290 seeum
881 4217 949 4288 ito·
989 4213 1094 4286 libros
1107 4241 1216 4310 neque
1228 4219 1325 4308 copia
1343 4237 1530 4311 eraeqraant

409 4311 542 4382 buerit.
575 4317 633 4386 Ne
655 4339 697 4383 ua
724 4319 818 4382 enim
849 4316 949 4405 qais·
988 4331 1098 4400 neque
1116 4333 1233 4378 rerum
1249 4311 1437 4379 aramenta.
1464 4315 1528 4383 Gi·
1605 4351 1606 4400 t

409 4423 510 4492 quom
529 4405 594 4480 doe
623 4339 785 4498 dcipione
803 4405 946 4498 elegan-
988 4402 1119 4470 ceroma
1147 4403 1235 4470 acris
1265 4386 1362 4468 *cum*
1383 4405 1526 4473 Graecis
1605 4401 1606 4486 l

257 4505 263 4520 ’
410 4494 478 4560 tius
512 4497 698 4570 interuallo
733 4501 945 4596 negotiorum
987 4493 1168 4578 aemulatio
1187 4489 1449 4585 exploratissima
1462 4513 1533 4576 eata*
1605 4491 1606 4536 l

115 4195 131 4236 ο
183 4259 194 4266 .-
