3262 5662
490 497 711 568 traca
745 503 803 576 11.
1102 477 1185 584 rts

59 601 68 620 ”
86 668 115 720 ,,
145 607 275 704 luisse
289 611 496 706 cernimus
513 677 542 726 „
560 643 628 716 (ι).
653 625 765 713 Nam
779 623 815 709 si
832 615 904 729 ,id
919 616 1040 740 quod
1056 619 1191 708 Grae·-

83 785 235 844 corum
267 762 540 881 inuestigatur
569 759 829 869 annalibus,
861 762 996 848 Roma
1034 759 1194 849 condi-

82 916 124 980 ta
140 917 179 982 st
201 922 249 992 (a)
267 901 452 990 secundo
478 934 589 990 anno
614 902 865 1020 olympiadis
888 927 1100 1020 septumae
1115 927 1193 1012 (a),

80 1036 125 1120 iu
174 1037 224 1126 id
261 1043 477 1130 saeculum
496 1043 690 1138 ¹Romuli
730 1043 879 1132 cecidit
915 1066 1024 1132 aetas
1063 1047 1192 1160 cum!

78 1181 165 1264 iam
189 1179 315 1293 plena
333 1183 508 1270 Graecia
530 1207 750 1301 poetarum
774 1204 816 1271 et
838 1189 1098 1274 musicorum
1121 1215 1192 1274 es-
1222 1194 1254 1258 P·
1275 1193 1346 1266 ata·

75 1341 172 1426 set;
206 1326 432 1443 minorque
456 1323 649 1430 fabulis,
688 1325 766 1424 nisi
796 1321 852 1410 de
883 1323 1096 1414 ueteribus
1126 1357 1193 1414 re-
1238 1429 1240 1434 ¹

77 1458 200 1573 bus,
242 1464 480 1559 haberetur·
496 1463 638 1552 fides.
680 1467 724 1556 N
726 1497 793 1556 aut
824 1487 993 1555 centum
1026 1489 1066 1553 et
1097 1491 1193 1556 octo

79 1609 203 1734 aunis
221 1631 449 1730 postquam
471 1611 690 1728 Lycurgus
717 1609 832 1730 leges
855 1609 1035 1700 scribere
1067 1613 1191 1700 insti-

120 1846 165 1914 (a)
189 1841 236 1898 lta
255 1839 319 1900 cod.
329 1861 443 1899 r.manu
454 1865 464 1912 ς
475 1851 505 1898 at
522 1863 550 1900 a.
562 1839 773 1919 superaddidit
788 1863 821 1900 e.
841 1841 904 1916 Ego
914 1859 985 1899 uero
995 1839 1192 1900 archaismum

79 1923 148 1982 satis
164 1923 299 1984 nobilem
318 1935 348 1983 et
365 1923 469 1982 crebra
486 1925 664 1984 auctoritate
681 1924 830 1983 firmatum
846 1922 914 1982 lreic
929 1935 959 1983 et
977 1924 1048 1984 alibi
1061 1923 1188 1984 retinui.

78 2090 612 2186 tiasamoquesustulimus.llanc
657 2089 792 2172 Tullii,
805 2113 874 2182 quo
886 2092 1096 2184 potissimum
1108 2113 1194 2163 con.

77 2177 177 2250 luisse
207 2181 441 2274 complurium
470 2183 613 2250 deorum
660 2184 799 2250 sentiret
829 2207 909 2248 cum
927 2181 1065 2264 Attico,
1089 2185 1190 2253 uide·

78 2275 167 2364 apud
191 2275 349 2343 ethnicos
369 2275 533 2366 originem
557 2299 615 2342 sa-
661 2290 718 2339 tur
736 2273 802 2340 hoc
825 2274 935 2363 ipsum
953 2275 995 2340 de
1018 2298 1089 2362 rep.
1113 2273 1127 2367 (
1152 2292 1193 2342 ut

77 2367 207 2455 pientur
220 2367 382 2434 obseruat
403 2363 614 2459 Augustinus
661 2365 805 2434 diximus
835 2387 905 2456 cap.
917 2369 945 2434 1.
960 2365 1077 2454 ptari.
1092 2363 1192 2460 ua.)

75 2480 176 2530 serm·
188 2479 376 2530 ccuxxlu.
391 2460 461 2540 3‚et
474 2459 608 2528 C.D.11.
658 2479 726 2548 quo
756 2459 899 2526 Romam
939 2457 1111 2524 conditam
1142 2460 1191 2528 ait

79 2553 111 2617 5.
131 2555 185 2626 151
199 2567 275 2618 tum
292 2551 487 2620 Lactantius
499 2551 542 2618 de
561 2551 612 2618 ira
658 2571 747 2615 anuo
759 2549 907 2618 secundo
922 2545 1123 2642 olympiadis
1136 2576 1190 2618 se-

77 2639 120 2706 D.
140 2663 214 2732 cap.
248 2661 325 2728 xr,
356 2659 391 2710 et
419 2644 496 2710 inst.
515 2645 544 2710 I.
569 2647 607 2712 15
654 2641 800 2730 ptimae.
831 2643 938 2710 Porro
950 2659 1063 2711 autern
1081 2643 1192 2710 sicubi

81 2728 166 2820 (ubi
184 2737 385 2802 nominatim
404 2736 485 2800 citat
501 2731 608 2802 libros
654 2755 776 2800 reuera
806 2733 928 2802 Cicero
964 2757 1051 2800 auno
1089 2735 1190 2802 tertio

74 2821 190 2894 ‚Tullii
208 2827 251 2893 de
270 2847 342 2918 rep.
363 2824 377 2918 )
397 2843 431 2893 et
456 2845 527 2892 vu.
552 2825 603 2910 14.
654 2823 785 2919 olymp.
808 2843 850 2891 vr
870 2841 986 2892 natam
1015 2849 1085 2892 csse
1114 2827 1189 2894 Ito-

123 2913 178 3009 (tl
197 2918 331 2986 Locum
350 2920 432 2985 citat
444 2917 609 3008 Augusti·
653 2937 744 2982 mam
753 2915 1197 2996 dixerit‚isbaberetsullra·'

79 3029 141 3074 uus
161 3011 375 3080 C.D.xx11.
395 3011 418 3080 6
437 3009 507 3076 sine
536 3005 610 3072 ulla
656 3023 788 3096 gatores
801 3004 1027 3074 Plutarchum
1041 3010 1076 3074 in
1091 3011 1190 3076 llum.

78 3101 267 3168 uarietate.
657 3115 729 3176 xli,
748 3094 922 3163 Velleium
939 3101 968 3162 1.
988 3102 1023 3177 8,
1042 3114 1076 3162 et
1094 3101 1193 3164 deui-

19 3257 20 3260 ,
123 3190 179 3282 (a)
204 3187 344 3258 Solinus
380 3212 451 3278 cap.
472 3186 518 3252 11.
556 3181 613 3250 uel
660 3206 726 3273 que
738 3183 922 3250 Eusebium
934 3185 1052 3253 chron.
1067 3183 1128 3252 lib.
1143 3189 1191 3268 11,

76 3279 185 3349 alium
204 3280 378 3350 Ciceronis
389 3277 506 3346 locum
516 3273 549 3342 le
572 3300 615 3341 a·
662 3278 722 3366 qui
739 3271 843 3341 relect
861 3275 1004 3342 llomam
1021 3278 1090 3345 dici
1108 3299 1192 3345 con·

76 3373 153 3458 bat,
167 3370 226 3441 uel
239 3373 310 3461 ipse
322 3369 459 3440 Solinus
471 3299 614 3436 mendo·
656 3367 766 3444 ditem
777 3387 866 3434 auno
879 3369 977 3434 tertio
991 3367 1192 3462 olympiadis

79 3489 133 3533 tus
151 3482 203 3535 est
221 3479 282 3530 aut
299 3465 461 3530 memoria
480 3459 610 3528 salsus.
661 3462 764 3527 V1in
787 3461 1003 3549 quorundam
1020 3467 1193 3536 Romano.
1233 3535 1235 3540 Ι

80 3555 137 3624 Ait
154 3559 277 3626 enim-a
307 3556 429 3624 Cincio
460 3553 611 3622 Romam
658 3575 737 3620 rum
754 3550 874 3619 libris:
895 3573 1102 3646 quamquam
1120 3559 1191 3652 ipse

82 3649 288 3720 duodecimo
312 3647 511 3742 olympiade
525 3646 612 3738 pla·
658 3644 822 3713 Eusebius
840 3668 968 3714 anuum
979 3649 1073 3716 urbis
1092 3669 1192 3720 nata-

81 3743 343 3820 cstconditoma
362 3740 498 3808 Pictori
509 3755 612 3806 octa-
656 3733 726 3804 lem
756 3738 872 3804 statuit
901 3739 1050 3828 primum
1073 3741 1192 3836 olym.

82 3855 124 3902 ua
136 3857 146 3906 t
159 3836 294 3929 Nepoti
304 3849 340 3900 et
358 3831 518 3912 Lutatio,
530 3835 612 3921 opi·
657 3829 765 3983 piadis
777 3831 937 3917 septimae
950 3877 960 3911 ,
972 3835 1066 3920 quod
1078 3852 1112 3902 et
1125 3836 1191 3904 So-

82 3930 217 3996 nionem
237 3923 483 3995 Eratosthenis
499 3937 535 3988 et
552 3919 611 3986 Α·
673 3919 748 3985 inus
766 3921 873 4006 capll
895 3919 1097 3990 calculando
1116 3927 1191 3992 col·

80 4017 254 4107 pollodori
279 4013 580 4109 comprobantibus
598 4055 610 4092 ‚
656 4007 753 4102 ligits
767 4010 951 4098 eademque
964 4015 1126 4080 sententia
1140 4030 1190 4082 est

82 4107 287 4204 olympiadis
319 4112 485 4200 septimae
516 4127 610 4170 anno
658 4103 761 4168 etiam
777 4102 933 4194 Dionysii
951 4105 979 4169 Ι.
996 4127 1050 4194 71.
1064 4103 1189 4198 7475.

83 4201 254 4274 secundo:
286 4202 480 4292 Pomponio
505 4193 610 4262 Atti-
655 4193 786 4262 Verum
798 4195 890 4284 apud
902 4195 1047 4263 eundem
1058 4199 1186 4292 Diony·

82 4315 122 4356 co
145 4310 178 4358 et
202 4295 264 4362 ·M·
289 4293 403 4361 Ildlio
434 4289 610 4380 olympio·
656 4286 744 4352 sium
777 4288 805 4353 l.
840 4294 885 4377 74
910 4285 1075 4378 Polybius
1111 4291 1186 4361 Ro·-

84 4381 140 4446 dis
161 4403 281 4452 sectos
298 4407 392 4454 anno
411 4384 535 4450 wrtio.
561 4379 608 4447 E·
651 4399 726 4446 mae
744 4375 872 4446 natales
902 4379 1020 4446 scribit
1037 4384 1186 4450 secundo

84 4471 312 4570 quidemopus
326 4469 609 4576 chronologicum
653 4466 853 4566 olympiadis
883 4472 1185 4568 septimanario,

779 4596 834 4690 Ι9
