3262 5662
422 467 535 573 2164
779 495 841 556 un
874 493 935 556 nu
967 495 1197 562 rvrtrct

439 610 650 726 gnauisset
666 635 798 697 anuos
824 639 904 717 (ι),
937 633 998 698 est
1013 634 1240 705 mortus-(a)
1260 675 1272 697 .
1305 609 1418 699 Tum
1434 609 1541 701 Lae-

438 747 551 857 lius,
584 728 821 840 laudandus
846 756 969 840 etiam
995 757 1071 839 istc
1095 783 1166 837 rex
1181 773 1259 858 (υς
1293 747 1369 835 sed
1387 749 1540 839 obscu-

437 921 484 976 ra
508 913 568 980 est
596 893 766 982 historia
798 927 970 982 romana
999 937 1011 1002 ς
1045 891 1254 1012 siquidem
1284 895 1403 979 istius
1434 899 1540 1014 regis

435 1057 611 1122 matrem
628 1036 860 1145 habemus,
893 1039 1136 1156 ignoramus
1153 1057 1315 1152 patrem
1334 1055 1382 1127 (t)
1399 1097 1411 1118 .
1429 1061 1462 1115 s.
1480 1036 1541 1120 Ita

435 1194 521 1279 est,
538 1177 706 1294 inquit:
731 1176 806 1262 sed
828 1199 1070 1291 temporum
1095 1175 1272 1262 illorum
1296 1195 1464 1262 tantum
1478 1174 1541 1264 ie·

435 1347 480 1402 re
504 1349 653 1434 regum
677 1319 895 1404 inlustrata
919 1341 1018 1404 sunt
1042 1319 1250 1404 nomina.

436 1529 439 1539 .
495 1457 621 1545 XIX.
653 1459 739 1546 Sed
761 1457 843 1546 hoc
867 1459 963 1546 loco
987 1462 1176 1574 primum
1206 1459 1374 1548 uidetur
1399 1461 1541 1550 insiti·-
1621 1498 1622 1508 ¹

276 1628 401 1714 2173.
436 1630 489 1687 ua
516 1619 562 1694 (t)
589 1601 772 1720 quadam
795 1600 808 1712 ΙΙ
833 1599 1054 1717 disciplina
1082 1629 1123 1697 (c)
1149 1591 1316 1690 doctitir
1339 1601 1447 1690 facta
1470 1635 1541 1692 es-
1616 1584 1621 1628 ἰ

430 1771 475 1832 se
491 1743 666 1832 ciuitas.
683 1745 857 1832 Influxit
872 1763 920 1840 ot)
938 1746 1052 1830 enirn
1069 1777 1157 1830 non
1173 1747 1311 1833 tenuis
1329 1747 1502 1864 quidam
1516 1781 1542 1840 e

425 1961 435 1992 ³
469 1974 516 2040 (a)
540 1969 586 2025 lta
604 1966 670 2026 cod.
687 1977 801 2026 mortus
817 1985 873 2045 pro
899 1975 1050 2028 mortuus.
1076 1965 1127 2024 Est
1144 1975 1243 2026 autem
1266 1964 1351 2044 prior
1374 1963 1539 2026 declinatio
1615 1896 1619 2003 l

426 2049 522 2128 magis
538 2049 698 2108 naturalis.
732 2049 791 2110 Sed
813 2049 966 2108 audiamus
983 2049 1181 2127 Augustinum
1205 2053 1239 2111 C.
1257 2053 1294 2109 D.
1317 2070 1390 2108 xrtr.
1415 2071 1461 2107 tt:
1480 2071 1544 2111 non
1615 2017 1620 2120 l

424 2139 593 2214 importune
608 2135 743 2193 arbitror
758 2133 915 2204 memisse,
933 2147 967 2192 ut
981 2135 1037 2193 boc
1046 2135 1168 2192 uerbum
1186 2133 1268 2213 quod
1287 2144 1332 2192 est
1347 2139 1494 2204 moritur,
1505 2139 1543 2193 t‘n
1615 2150 1619 2175 ¹

427 2217 525 2278 latina
541 2222 647 2296 lingua
660 2237 714 2276 mc
728 2224 916 2294 grammatici
931 2219 1083 2276 declinare
1095 2223 1291 2295 pctrtem'ntea
1302 2221 1410 2294 regula
1420 2239 1483 2299 qna
1492 2236 1544 2275 ce-
1615 2191 1620 2320 l

1613 2368 1618 2393 l

425 2310 492 2360 tem
505 2306 584 2362 talia
599 2305 807 2362 declinantur.
826 2306 960 2381 Namque
975 2301 1012 2360 ab
1031 2321 1063 2360 eo
1080 2303 1163 2380 quod
1175 2313 1221 2360 est
1235 2307 1335 2362 oritur
1343 2303 1398 2373 ‚fit
1412 2301 1541 2360 uerbum

422 2393 582 2460 praeteriti
596 2393 754 2465 temporis,
772 2397 859 2445 ortus
876 2395 938 2453 σείς
956 2397 984 2442 et
999 2389 1088 2461 siqua
1105 2388 1218 2443 similia
1236 2397 1323 2444 sunt.
1341 2387 1387 2444 Ab
1409 2406 1443 2444 eo
1463 2404 1543 2444 uero

425 2471 510 2546 qnod
523 2482 568 2528 est
583 2478 730 2538 moritur,
749 2475 777 2526 si
791 2488 969 2546 quaeramus
987 2474 1143 2543 praeteriti
1169 2475 1310 2545 temporis
1329 2471 1470 2536 uerbum,
1488 2486 1543 2524 rc-

422 2551 566 2628 sponderi
582 2553 712 2618 adsolet,
729 2562 864 2610 mortuus
877 2563 939 2620 est,
964 2572 984 2608 tt
1005 2555 1106 2610 littera
1132 2557 1295 2628 gemmata.
1319 2556 1541 2610 conuenienter

423 2640 525 2712 itaque
526 2635 647 2713 saonem
665 2647 726 2702 est,
737 2645 770 2692 ut
784 2634 1029 2711 quemadmodum
1045 2637 1081 2692 td
1095 2637 1178 2714 quod
1200 2637 1352 2711 significat
1367 2656 1427 2695 non
1439 2629 1543 2712 potest
1613 2598 1621 2994 ι

421 2719 554 2794 agendo,
571 2725 720 2797 itaipsum
729 2719 851 2780 uerbum
865 2719 1011 2776 declinari
1016 2719 1171 2797 loquendo
1179 2739 1240 2778 non
1251 2723 1367 2796 possit.
1378 2716 1471 2780 Ludit
1482 2717 1540 2776 tci-

421 2799 493 2860 licet
509 2802 690 2881 Augustinus
699 2801 733 2858 in
751 2799 834 2859 uerbi
844 2797 998 2860 declinare
1006 2799 1120 2877 duplici
1131 2801 1361 2876 significatione.
1390 2799 1542 2862 sedenim

353 2913 358 2930 ι
418 2883 572 2944 Ciceronis
597 2885 646 2946 uel
679 2897 759 2944 certe
783 2882 895 2943 codicis
924 2883 1084 2941 auctoritas
1109 2883 1219 2961 lepidis
1235 2883 1395 2963 Augustini
1413 2882 1540 2962 argutiis

422 2969 618 3028 contradicit.
642 2971 843 3046 Quamquam,
861 2979 895 3024 ut
907 2987 978 3026 uere
995 2966 1092 3028 dicam
1107 2968 1228 3026 uidetur
1246 2968 1361 3028 librarii
1375 2968 1516 3028 mendum
1526 3007 1539 3038 ,
1616 3016 1620 3037 ,

420 3068 479 3110 nou
497 3065 557 3110 turn
573 3051 749 3112 declinantis
765 3064 881 3111 mortus
889 3071 945 3129 pro
953 3063 1089 3112 nmmum
1099 3093 1108 3121 ,
1118 3071 1207 3128 quam
1224 3053 1341 3114 incaute
1358 3051 1537 3112 scribentis:

420 3133 493 3195 olibi
511 3135 588 3195 euim
604 3136 663 3194 hoc
680 3133 743 3214 ipso
760 3136 793 3194 in
803 3136 907 3196 codice
923 3135 1095 3194 scribuntur
1121 3137 1197 3194 duae
1214 3157 1254 3195 uu
1271 3136 1360 3196 huius
1373 3134 1537 3194 uocabuli.

461 3223 507 3294 (b)
530 3221 575 3278 lta
593 3220 659 3278 cod.
678 3240 706 3277 α.
726 3241 835 3288 manu;
854 3232 884 3276 at
905 3222 1100 3288 1.tnstttba.
1124 3225 1166 3292 (c)
1188 3220 1262 3279 Cod.
1288 3243 1311 3278 ι.
1331 3239 1420 3278 mauu
1433 3219 1535 3277 disci-

418 3305 544 3380 pulinar
571 3315 635 3362 tum
650 3322 670 3358 tt
690 3316 852 3380 expuncto.
878 3303 925 3373 (d)
949 3303 996 3361 Ita
1013 3303 1078 3362 cod.
1099 3322 1127 3361 n.
1145 3321 1253 3375 manu;
1273 3315 1304 3363 at
1324 3324 1348 3364 t·
1368 3299 1536 3381 instruxit.

420 3433 638 3500 commodum
661 3429 817 3496 habuisse
836 3429 953 3494 obser·
998 3451 1059 3497 nos
1073 3449 1205 3499 xxxrrr
1220 3435 1279 3515 ‚id
1291 3434 1458 3503 mendum
1470 3457 1532 3504 co-

419 3539 480 3586 unt
503 3519 700 3590 Aristoteles
719 3521 802 3608 reip.
825 3537 894 3584 vtl.
916 3520 950 3587 6.
998 3519 1083 3588 dicis
1101 3526 1244 3590 armenii
1262 3535 1455 3620 estmr'qtm
1474 3529 1536 3596 dc·
1622 3523 1625 3640 l

419 3609 531 3680 Fossis
544 3613 644 3679 etiam
654 3611 897 3676 circumdatam
909 3611 952 3676 ab
1002 3614 1124 3680 cursim
1141 3617 1264 3703 meritp
1276 3615 1395 3685 demas
1417 3671 1426 3686 .
1448 3623 1534 3689 Dio·
1624 3643 1625 3692 t

419 3701 517 3770 Anco
532 3701 664 3769 Ostiam
675 3703 721 3768 ait
739 3703 858 3770 Festus
871 3726 949 3772 uoc.
998 3705 1115 3796 nysius
1134 3715 1247 3781 autctn
1260 3709 1287 3774 1.
1309 3714 1366 3800 75.
1386 3709 1456 3780 ΙΙΙ.
1477 3713 1534 3798 45ς

420 3800 593 3888 quiritium
615 3846 622 3862 .
997 3795 1154 3865 Liuiusl.
1170 3799 1211 3869 35
1226 3815 1328 3890 atque
1347 3803 1534 3896 Eutropius

424 3913 427 3920 ·
468 3883 522 3980 (t)
547 3887 721 3959 Ciceronis
751 3892 950 3958 sententium
996 3909 1101 3958 anuos
1127 3892 1280 3960 scribunt
1299 3913 1412 3964 xxtv.

420 3981 482 4072 qui
499 3978 635 4050 Ancum
656 3983 848 4073 regnauisse
867 3983 954 4052 dicit
1043 3979 1097 4074 (2)
1116 3979 1220 4074 Apud
1232 3980 1381 4054 Paulum
1392 4005 1533 4058 noo-sos

418 4095 525 4144 annos
543 4090 610 4141 tres
628 4089 662 4139 ct
686 4075 806 4166 uiginti
824 4073 951 4140 coufir—
997 4075 1125 4142 Ennius
1144 4079 1191 4142 sic
1206 4095 1405 4173 :postquam
1421 4079 1531 4147 lumi-

419 4181 490 4234 mat
518 4165 682 4232 Eusebius
693 4164 811 4233 chron.
826 4163 887 4230 lib.
902 4167 952 4249 ΙΙ,
996 4191 1043 4234 na
1072 4173 1121 4234 sis
1139 4169 1246 4237 oculis
1269 4172 1378 4239 bonus
1407 4170 1530 4242 Anctu

421 4279 501 4323 cum
513 4256 668 4325 Samuele
682 4258 809 4324 aniensi
826 4257 945 4326 chron.
993 4261 1152 4350 reliquit.
1177 4261 1353 4330 Laudatur
1379 4251 1528 4334 etiamn
1624 4325 1625 4352 2

420 4347 482 4414 lib.
495 4349 521 4414 Ι.
536 4353 569 4420 6.
582 4354 655 4418 Iam
674 4350 765 4439 quod
773 4349 868 4418 idem
878 4349 949 4418 Eu'-
996 4351 1098 4422 Liuio
1111 4355 1138 4418 1.
1155 4353 1210 4423 35.

418 4437 533 4514 tebius
547 4441 745 4528 obruad-46
757 4443 873 4514 scribit
885 4461 948 4518 arr-⁶,
1042 4439 1096 4538 (3)
1112 4443 1211 4530 ¹llum
1229 4445 1374 4520 inlibrit
1390 4447 1434 4522 de
1451 4469 1529 4539 rep.
