3262 5662
652 249 664 296 <

351 537 353 540 ,
518 421 584 534 ᾗ
609 473 632 532 n
657 475 746 539 nn·
770 475 820 538 11.
1132 449 1215 542 133

101 581 192 698 agri
217 581 399 714 efferant,
420 581 515 692 sui,
548 615 835 712 quascumque
859 589 994 678 uelint
1016 589 1063 678 in
1085 611 1214 679 terras

97 743 282 834 portare
295 723 461 838 possint
476 755 524 812 ac
540 730 706 814 mittere
723 791 735 816 .

99 927 103 933 .
163 861 219 988 v,¹
255 839 345 971 Qut
367 867 508 978 potuit
540 868 670 984 igitur
700 867 906 959 diuinitus
938 893 979 956 et
1014 871 1215 958 ueritates

97 999 332 1116 complecti
356 1006 583 1091 maritimas
615 1007 822 1098 Romulus
847 1031 890 1096 et
913 1012 1017 1096 uitia
1042 1007 1216 1096 uitare?

95 1171 233 1260 quom
251 1143 372 1262 quod
388 1143 540 1234 urbem
556 1154 747 1263 perennis
772 1159 906 1241 amnis
921 1177 963 1241 et
979 1151 1213 1274 aequabilis

92 1308 135 1373 et
161 1291 211 1372 in
231 1319 346 1374 mare
364 1287 445 1373 late
464 1291 680 1386 influentis
696 1297 839 1407 posuit
858 1297 903 1382 in
921 1299 1010 1414 ripa
1029 1321 1077 1387 (ι)
1096 1325 1212 1416 ‚quo

91 1449 241 1548 posset
255 1459 356 1545 urps
375 1454 424 1522 (a)
439 1453 481 1536 et
496 1436 681 1548 accipere
695 1417 747 1520 ex¹
760 1461 804 1534 (t)
821 1441 927 1524 mari
945 1469 1034 1556 quo
1052 1457 1216 1558 egeret,

95 1595 135 1660 et
157 1571 345 1662 reddere
364 1599 406 1666 (o
423 1606 511 1693 quo
527 1573 802 1665 redundaret:
816 1580 831 1694 ΙΙ
844 1575 1081 1698 eodemque
1099 1599 1148 1666 ut
1165 1601 1213 1678 (t)
1247 1611 1281 1672 r.
1301 1615 1372 1676 231.

92 1713 277 1804 flumine
305 1745 371 1800 res
395 1714 449 1800 nd
472 1715 633 1802 uictum
659 1717 905 1838 cultumque
927 1722 1107 1808 maxime
1123 1752 1216 1808 ne·-

94 1856 295 1947 cessarias
319 1887 408 1942 non
431 1854 572 1940 solum
588 1859 695 1947 mari
712 1853 955 1944 absorberet
974 1885 1045 1970 (e),
1069 1859 1144 1948 sed
1163 1893 1215 1946 e-

131 2075 178 2144 (a)
197 2069 282 2131 Cod.
306 2091 330 2128 r.
350 2089 439 2129 manu
455 2091 546 2149 rerp53
565 2089 741 2148 quamquam
759 2073 880 2144 uidetur
902 2087 1006 2154 postea
1031 2073 1214 2152 interpolata
1341 2105 1347 2110 -
1426 2109 1429 2118 ·

88 2145 207 2224 littera,
230 2155 408 2232 factumque
434 2156 526 2223 rrrbs3
547 2154 601 2211 aed
634 2168 730 2213 tamen
756 2156 879 2216 inferius
899 2158 1030 2218 occurrit
1058 2159 1214 2218 euidenter

88 2257 177 2314 urps.
200 2241 257 2296 Eat
278 2251 375 2296 autem
394 2237 432 2296 de
448 2235 505 2296 hae
521 2237 668 2315 scripture
682 2237 804 2316 insignis
821 2241 973 2320 Papiriani
1002 2241 1163 2300 auctoritas
1178 2260 1212 2318 p.

91 2337 180 2397 2291:
200 2342 284 2400 urps
296 2341 352 2398 per
366 2345 389 2400 p
404 2321 489 2380 debet
504 2323 600 2380 scribi
609 2345 619 2390 ς
637 2326 705 2382 licet
727 2327 825 2384 Varro
836 2347 891 2402 per
907 2327 924 2384 b
944 2325 1131 2385 scribendum
1148 2345 1211 2403 pu·

90 2413 130 2464 tet
151 2447 161 2475 ,
186 2407 279 2484 qrtod
297 2411 330 2462 r'rt
355 2409 485 2486 reliquie
501 2407 620 2464 caribus
637 2405 655 2462 b
674 2407 799 2466 lrabeat.
841 2409 886 2480 (b)
905 2411 950 2466 lta
969 2409 1034 2466 cod.
1058 2430 1081 2468 ι.
1101 2425 1213 2474 manue
1249 2443 1253 2455 ·

90 2498 161 2546 ata.
172 2507 231 2564 pro
247 2509 291 2547 ea·
303 2487 419 2546 fenita.
443 2493 485 2562 (c)
508 2489 554 2546 lta
572 2483 635 2548 cod.
650 2511 678 2548 o.
690 2507 779 2550 menn
794 2517 804 2562 3
825 2502 857 2548 at
879 2513 903 2549 ι.
915 2490 1070 2553 redderet.
1095 2491 1145 2562 (d)
1172 2495 1212 2548 tJt

89 2571 308 2649 superponitur
316 2571 344 2628 in
357 2569 458 2630 codice
472 2615 478 2628 .
505 2579 545 2644 (e)
564 2573 610 2630 lta
627 2572 781 2632 euidenter
791 2573 902 2645 codex,
918 2573 1053 2634 sinenlla
1065 2573 1211 2635 emenda·

89 2651 188 2712 tione.
210 2656 253 2713 Ut
276 2656 421 2731 corrigam
440 2654 614 2716 subreberet
622 2675 765 2726 moneor;
787 2657 908 2717 meliore
926 2659 1063 2736 equidem
1081 2672 1111 2716 et
1120 2657 1212 2738 plene

89 2736 246 2796 uerisimili
268 2737 438 2804 locutione,
464 2736 563 2798 indice
580 2740 670 2798 etiam
688 2740 804 2802 Rutilio
822 2743 1002 2802 Numatiano
1019 2744 1043 2800 1.
1061 2738 1136 2810 153,
1159 2737 1213 2818 qui

88 2817 183 2880 Tullii
210 2821 292 2881 hanc
308 2821 484 2882 sententiam
510 2823 673 2899 exprimere
689 2823 812 2882 uidetur
829 2823 867 2882 de
884 2821 1074 2902 nauigatione
1090 2819 1210 2883 Tiberia

83 2895 236 2978 loquens:
263 2909 395 2985 placidis
410 2913 582 2964 commercia
596 2911 678 2983 ripr's'
690 2937 709 2951 ·
722 2909 849 2966 denebat
868 2909 938 2966 binc
958 2912 1043 2966 rrrrr'r
1064 2908 1213 2966 tribuebat
1319 2939 1326 2958 a

90 2987 283 3050 redemeris.
294 2991 435 3048 Attamen
453 3005 508 3060 ego
527 2986 620 3043 miror
636 2986 688 3064 qui
705 2987 769 3044 fieri
780 2989 874 3066 poerit
883 3029 894 3058 ,
911 3001 944 3047 ut
956 2987 1138 3046 amanuensis
1149 3001 1213 3047 ten·

89 3077 150 3128 tam
169 3069 319 3130 inuexerit
338 3071 532 3135 uarietatem,
553 3087 660 3146 nempe
676 3071 849 3129 absorberet
864 3089 921 3146 pro
938 3071 1130 3130 subreberet.

86 3257 143 3306 rat
162 3241 199 3309 in
217 3241 398 3310 Hortensio
412 3239 556 3320 Cicero,
576 3257 627 3328 ter
673 3238 824 3308 ostiensia
853 3236 989 3332 legatur
1019 3239 1207 3309 Cassiodo-

87 3349 135 3398 tte
149 3333 275 3404 Seruio
294 3335 337 3401 ad
350 3357 424 3400 een.
440 3351 527 3400 vut-
545 3331 624 3424 479,
672 3334 743 3398 riua
760 3355 832 3397 nar.
849 3349 918 3397 vu.
934 3355 970 3420 9.
986 3331 1208 3400 Contrarium

89 3427 149 3512 qui
167 3423 268 3493 locus
280 3449 321 3492 ex
331 3422 522 3517 Augustino
536 3425 624 3492 inter
670 3423 751 3491 satit
775 3423 959 3516 Dionysius
990 3424 1027 3490 in
1057 3424 1209 3492 editione

90 3519 198 3604 operia
224 3515 409 3610 fragmenta
439 3511 623 3582 translatus
669 3537 743 3582 mea
768 3513 1011 3584 mediolanensi
1035 3535 1108 3586 xn.
1136 3541 1207 3600 αι,

91 3623 168 3675 ert.
206 3607 403 3678 Eorundem
442 3607 623 3698 piraticam
668 3607 752 3676 dum
771 3605 937 3676 Veiorum
956 3608 1060 3674 sitnm
1079 3631 1119 3675 eo
1138 3631 1209 3677 no·-

93 3717 333 3768 commemorat
370 3698 472 3767 etiam
498 3698 620 3769 Strabo
666 3703 758 3767 mine
777 3697 917 3780 laudat,
937 3702 1031 3791 quod
1052 3702 1079 3768 is
1098 3725 1116 3766 a
1136 3701 1207 3768 flu-

94 3807 129 3856 Υ.
149 3817 181 3883 p.
205 3794 288 3879 354.
670 3793 761 3856 mine
790 3789 918 3858 abesset
937 3793 1027 3860 unde
1055 3815 1137 3858 aura
1157 3795 1210 3861 ri·

90 3911 96 3921 ·
135 3883 188 3974 (r)
223 3889 275 3954 De
305 3883 371 3952 hoo
401 3881 513 3952 Tullii
544 3881 621 3952 loco
667 3882 781 3974 gidior
815 3885 981 3948 matutina
1012 3881 1208 3956 ualetudini

91 3969 243 4066 loquitur
268 3977 406 4046 Seruius
437 3977 480 4044 ed
511 3975 555 4042 G.
576 3976 622 4043 11.
668 3973 768 4042 noxia
779 3969 859 4037 ferri
873 3971 1086 4062 posaet‚eo”er
1098 3995 1206 4040 erere-

97 4070 415 4162 157-fluminaqrre
462 4071 623 4158 antr'quos
667 4063 735 4152 μοὸ
751 4086 838 4136 τινος
861 4059 996 4128 πλησίον
1025 4060 1115 4136 ὄντας
1132 4059 1205 4146 ψυ-

91 4159 359 4230 subterlabentia
394 4156 624 4251 muros-quod
657 4151 750 4249 ⁸>pair
774 4152 882 4223 ἕωθεν
904 4145 1055 4227 ἆνιίντος
1079 4147 1206 4245 eo'pae.

93 4247 212 4321 laudat
230 4259 338 4327 etiam
373 4249 496 4319 Cicero
521 4256 559 4317 in
577 4250 624 4317 tt·
669 4250 736 4318 Sed
759 4247 861 4316 etiam
894 4240 1091 4312 Aristotelea
1114 4246 1202 4334 reip.

94 4337 164 4406 bris
179 4345 223 4413 de
242 4347 420 4438 republica
435 4391 444 4409 .
458 4345 509 4410 De
529 4363 623 4408 com·
670 4357 739 4406 vn.
767 4363 800 4406 rt
828 4337 1048 4426 cupiditatem
1065 4359 1147 4425 prae
1164 4359 1201 4404 ae

92 4431 254 4508 moditate
272 4436 408 4548 'tiberio
435 4450 622 4530 portusque
666 4429 735 4508 ten
745 4447 787 4504 ut
802 4427 998 4512 condendae
1010 4425 1105 4504 urbia
1116 4428 1200 4516 eitue
