3314 5658
1100 533 1103 540 ·
1139 513 1238 578 *xiii

86 630 90 640 '
123 609 203 689 'bon
220 607 339 714 poliusu
351 612 506 693 extremis
529 615 648 692 saliem
666 618 865 696 Caesinbu's
888 617 961 690 iani
982 651 1158 692 romanam
1181 629 1246 694 ad·-

120 724 201 796 trac
221 732 412 832 tenentibus
433 746 449 798 .'
465 732 555 798 Haec
580 734 633 800 aio
653 735 844 799 coniectans
866 749 900 798 et
915 734 988 822 'ipse
1004 754 1098 798 meac
1117 731 1246 798 doctri·

128 857 195 902 nae
214 835 366 904 diffidens
386 864 396 900 s
421 839 496 926 quis
519 837 670 916 enimde
693 861 731 902 rs
751 855 821 902 tam
840 839 985 904 obscura
1001 839 1245 908 sciscitantibus

121 943 223 1008 'dicat
240 942 372 1011 credite
389 943 706 1031 me'oobissola'um
723 947 871 1010 recitare
891 939 1047 1028 Sibyllae
1060 951 1078 1006 i
1091 960 1149 1009 aut
1168 967 1246 1012 mo·-

126 1071 167 1115 re
186 1050 438 1142 pythagorico,
458 1047 626 1138 quidquid
643 1050 877 1138 responderit,
901 1063 1033 1114 rectum
1049 1051 1162 1138 putori
1179 1069 1244 1114 νο.-

125 1153 214 1224 let‘i
238 1159 399 1225 Ceterum
418 1157 511 1245 quod
537 1155 692 1246 plerique
719 1153 900 1222 aibi'dacilc
919 1155 1122 1244 persuadent
1151 1155 1244 1222 huuc

129 1279 165 1330 ct
189 1261 289 1339 illuns
313 1265 466 1332 codicem
489 1263 531 1330 ad
546 1255 729 1352 'quintum'
743 1279 944 1352 quartumvc
967 1263 1142 1336 saeculum
1168 1287 1247 1353 per-

127 1373 238 1437 tinere
257 1395 268 1446 3
299 1371 466 1438 seniorem
483 1367 718 1459 antiquitatem
736 1367 835 1436 valde
855 1387 978 1462 negant
993 1394 1004 1446 ς
1028 1391 1091 1461 egp
1109 1371 1248 1458 quidem

121 1478 240 1544 nescio
264 1499 334 1567 quo
359 1479 433 1543 inre
457 1476 493 1542 id
516 1476 669 1552 iaciant;
693 1477 757 1541 nisi
781 1475 867 1542 iorte
893 1478 1043 1564 oppressi
1066 1493 1145 1542 sunt
1170 1477 1244 1564 opi-

122 1585 286 1652 nionibus
305 1581 403 1676 vulgi
423 1600 457 1650 et
475 1579 616 1652 illorum
627 1581 842 1672 praeiudiciis
854 1628 865 1664 ,
878 1585 936 1672 qni
951 1607 1086 1651 omnem
1104 1585 1245 1652 criticen

122 1688 182 1758 vel
200 1691 339 1758 minima
358 1691 621 1762 subcuneati
639 1687 831 1763 clamitant.
857 1693 964 1758 Porro
983 1692 1068 1760 inrc
1087 1693 1244 1782 antiqua-

126 1801 181 1866 ria
201 1822 282 1868 usus
300 1798 458 1889 srsqtaerm
476 1813 652 1887 praecepta
667 1799 910 1889 magistrorum
927 1815 1084 1887 superata
1104 1799 1164 1888 qui
1181 1825 1245 1881 eta-

120 1925 194 1978 tem
210 1911 275 2002 pio
294 1909 397 1974 vietia‘
410 1905 621 1976 dliendbue
642 1904 775 1996 regulis
803 1927 954 2000 pugnant
972 1955 983 1989 ‚
1003 1912 1076 1982 tan
1105 1911 1243 1980 nnllam

119 2039 228 2106 prope
247 2013 374 2080 habent
390 2036 507 2081 arcem
524 2015 711 2102 argumenti
731 2013 784 2080 sni
803 2015 838 2084 in
858 2037 961 2104 quant
981 2031 1055 2102 tuto
1075 2042 1241 2088 conscen-

119 2127 224 2194 dant.
240 2124 333 2211 Quid
348 2126 439 2190 enim
452 2121 654 2212 plerumque
672 2121 800 2204 obstat,
814 2126 993 2212 quominus
1012 2131 1104 2198 tertii
1117 2149 1177 2208 ant
1188 2157 1242 2200 sc-

117 2233 228 2299 cundi
243 2229 370 2299 saeculi
387 2231 472 2298 hacc
490 2233 613 2320 scripta
624 2232 779 2304 dicemus
789 2243 807 2298 ‘i
819 2256 904 2300 num
919 2231 1026 2300 forma
1046 2236 1241 2306 velortho·

117 2339 293 2432 graphia?
318 2341 412 2428 atqui
431 2339 484 2405 rix
501 2337 633 2428 aliquid
651 2340 688 2403 in
706 2337 758 2404 his
778 2341 930 2406 videmus
950 2389 961 2422 ‚
985 2343 1079 2433 qnod
1096 2352 1241 2416 uetustis

114 2449 294 2542 lapidibus
319 2466 378 2516 aut
400 2445 598 2516 Herculanii
625 2450 852 2518 monumentis
875 2467 934 2516 aut
958 2449 1238 2528 allorum-exent-

110 2558 267 2651 plorum.
285 2560 380 2648 eopia
410 2582 480 2627 nou
507 2561 660 2625 nitatur.
686 2560 777 2626 Num
795 2553 864 2649 ipsa
883 2585 942 2651 per
965 2589 1004 2631 ae
1032 2565 1241 2637 incredibilis

113 2669 257 2734 videtur
275 2683 368 2734 tanta
387 2666 658 2734 membranarum
676 2661 903 2759 longaevitas,
924 2688 964 2737 nt
979 2675 1026 2760 sit
1043 2695 1080 2740 v:
1095 2699 1144 2768 gr.
1162 2680 1236 2744 aevi

112 2773 335 2870 augustaei?
366 2774 681 2840 verumenimvero
710 2773 738 2838 si
762 2773 805 2838 ab
833 2791 941 2845 aetate
971 2787 1237 2858 coruuntiniana

109 2896 174 2946 ant
198 2896 290 2946 certe
324 2877 541 2946 theodosiana
565 2879 608 2944 ad
631 2901 692 2946 noe
711 2902 842 2970 usquc,
867 2885 1062 2973 quindecim
1087 2889 1158 2956 fetu
1176 2914 1235 2958 se-

111 2987 228 3070 culis,
253 2989 372 3054 vixisse
391 2989 523 3077 aliquot
540 2985 683 3058 schedae
702 2991 773 3056 sine
792 2991 898 3060 dubio
923 2999 1109 3069 creduntur
1128 3045 1138 3082 ‚
1157 3007 1236 3092 quis

109 3101 189 3168 iure
207 3111 307 3188 neget
325 3117 380 3162 eas
392 3097 538 3185 potuisse
558 3097 825 3189 etiam-viginti?
845 3103 935 3187 Quid
949 3129 1124 3199 papyrus,
1144 3128 1234 3177 non·-

110 3231 155 3278 ne
178 3231 199 3271 a
217 3204 425 3296 Symmacho
449 3227 501 3292 ep.
523 3204 642 3308 mid
665 3202 758 3270 facili
783 3223 955 3276 wneotute
985 3223 1233 3307 corrumpenda

113 3316 272 3382 dicitur?
291 3327 364 3378 tuna
375 3315 409 3378 in
424 3307 622 3378 formulario
636 3314 725 3402 apud
736 3313 920 3383 Matinium
932 3315 984 3411 (a)
999 3341 1109 3390 nonne
1128 3349 1236 3396 mem.

112 3419 240 3488 branae
254 3417 486 3484 existimantur
499 3412 626 3484 diutins
638 3436 741 3507 (Ῑιιαω
753 3425 875 3514 papyri
894 3441 1035 3494 aetatem
1048 3428 1135 3498 serre
1149 3438 1235 3502 Τηί-

114 3523 305 3592 hilominus
323 3525 497 3616 aegyptiae
523 3526 844 3615 pappa-icanescunt
862 3532 958 3596 annis
977 3533 1235 3609 innumerabili-

113 3633 179 3700 bus
191 3679 200 3697 .
214 3633 307 3716 Quas
325 3651 406 3694 vero
425 3628 588 3694 babemus
606 3630 642 3696 in
658 3631 815 3699 manibus
832 3636 1042 3705 membranas
1053 3641 1234 3738 palimpse.

117 3757 274 3818 storum,
286 3755 343 3802 eae
357 3779 368 3816 ,
381 3737 409 3800 si
423 3735 528 3826 probe
549 3737 780 3806 custodientur
793 3783 803 3820 ‚
817 3762 925 3830 quum
936 3743 1063 3814 multae
1077 3770 1234 3838 praeser-

110 3847 174 3913 tim
191 3866 321 3912 crasaae
335 3845 402 3909 sint
419 3859 453 3909 et
470 3846 629 3912 materiae
640 3847 719 3915 satis
737 3849 859 3915 vivacis
871 3895 881 3930 ,
892 3853 1032 3920 totidem
1042 3871 1075 3920 et
1087 3857 1236 3948 amplius·
1279 3858 1284 3866 '

111 3968 188 4048 post
203 3966 357 4018 nostram
375 3965 519 4018 aetatem
536 3951 678 4022 saeculis
696 3950 879 4024 duraturae
891 3961 1081 4031 videntum·

150 4059 231 4128 XV.
256 4057 328 4123 Etsi
346 4058 456 4148 operis
474 4059 600 4150 derep.
620 4062 731 4132 ammi
754 4057 885 4151 pattena
914 4066 1115 4155 ampliorem
1140 4079 1227 4144 vatia
1259 4122 1296 4172 De
1307 4120 1343 4170 sm
1364 4127 1451 4174 mis

7 4213 9 4226 .
107 4189 207 4234 canus
227 4162 335 4230 codex
351 4167 612 4254 nune‚primum
630 4171 824 4258 suppeditat
841 4198 861 4250 a
878 4163 1102 4250 nihilominus
1122 4209 1226 4282 prae..
1259 4142 1451 4262 operuitmpa·
1502 4205 1505 4214 ¹

7 4313 9 4340 ς
107 4268 216 4340 clarae
241 4263 407 4358 reliquiae
438 4271 532 4358 apud
554 4272 664 4343 terim
688 4291 842 4352 auctores
872 4301 1099 4374 supererant,
1124 4315 1226 4388 prae,
1253 4263 1316 4334 'iem
1333 4265 1418 4317 editt..

145 4400 534 4500 (t)Pa1ayr..diplont.vtt²
607 4431 610 4440 ⁴
714 4431 723 4440 ·

811 4455 864 4596 't
