3286 5658
450 467 541 586 296
784 491 847 558 nn
880 495 941 558 nu
974 491 1231 593 trituretx

444 616 547 698 sthus
563 609 699 693 iisdem
726 611 858 716 quibus
879 607 1018 710 fuerat,
1048 633 1222 694 renouare
1246 605 1401 709 neglexit
1424 605 1491 686 sed
1509 616 1556 686 ne'
1626 631 1627 634 ‘

443 734 485 808 id
504 733 654 836 quidem
672 733 837 830 curauit,
856 748 899 807 ut
918 733 1080 808 formam
1105 730 1232 806 saltem
1247 731 1324 806 eius
1343 745 1380 808 et
1393 745 1554 806 extrema

443 869 637 956 tamquam
662 853 1062 936 lineamentaseruaret
1088 855 1158 927 (a).
1183 849 1284 944 Quid
1299 850 1406 934 enim
1433 864 1553 925 manet
1626 923 1627 930 χ

440 1003 488 1053 ex
514 977 671 1079 antiquis
690 975 885 1071 moribus,
907 974 1040 1076 quibus
1064 973 1125 1048 ille
1148 973 1245 1048 dixit
1266 1000 1345 1049 rem
1367 987 1465 1048 stare
1488 997 1550 1047 ro-

326 1161 329 1170 .
439 1090 626 1178 monam?
654 1121 748 1201 quos
778 1097 829 1170 ita
858 1093 1045 1170 obliuione
1072 1094 1258 1171 obsoletos
1283 1095 1486 1190 uidemus,
1513 1109 1553 1170 ut

438 1251 515 1302 non
533 1225 658 1301 modo
685 1251 760 1300 non
778 1224 948 1300 colantur
972 1224 1036 1300 sed
1059 1226 1171 1300 etiam
1186 1226 1427 1323 ignorentur.
1457 1226 1552 1302 Nam

439 1345 487 1422 de
507 1349 597 1422 uiris
624 1347 713 1450 quid
734 1347 858 1422 diuam
870 1341 893 1422 ?
906 1349 1035 1423 ‘Mores
1052 1333 1243 1452 enirn'ipsi
1261 1327 1475 1424 interierunt
1493 1349 1552 1420 ui-

436 1493 574 1544 rorum·
585 1469 759 1570 penuria,
791 1470 894 1544 cuius
914 1471 1007 1544 tanti
1023 1469 1113 1545 mali
1127 1495 1205 1544 non
1229 1457 1345 1545 modo
1367 1468 1553 1544 reddenda

437 1591 535 1664 ratio
552 1588 657 1664 nohis
670 1611 686 1684 ‚¹
711 1589 907 1666 sedetiam
935 1581 1135 1693 tamquam⁴
1145 1591 1215 1669 reis
1239 1589 1373 1692 tapitis
1387 1590 1554 1693 quodam

437 1711 556 1787 modo
575 1711 725 1788 dicenda
745 1739 852 1788 cansa
869 1729 948 1788 est.
965 1713 1113 1788 Nostris
1136 1713 1236 1789 enim
1252 1712 1374 1802 uitiis,
1397 1739 1473 1787 non
1494 1737 1555 1787 oa-

438 1857 483 1908 su
498 1829 649 1936 aliquo,
664 1859 743 1908 rem
759 1831 950 1935 publicam
962 1831 1076 1910 uerbo
1092 1833 1312 1928 retinemus,
1331 1857 1370 1906 re
1388 1833 1470 1934 ipsa
1488 1861 1555 1908 ue-

436 1975 481 2024 ro
506 1951 744 2052 iampridem
760 1954 954 2028 amisimus
973 1951 1016 2027 (ὅ)
1032 2009 1041 2027 .
1060 1995 1082 2015 -
1102 1953 1205 2033 llaec
1225 1955 1357 2028 Cicero
1372 1953 1556 2032 fatebatur

373 2137 375 2143 .
436 2067 544 2184 louge
560 2071 712 2176 quidem
727 2091 818 2178 ,post
834 2089 995 2154 morteto
1016 2074 1200 2182 alfriconi,
1215 2076 1385 2177 quem-io
1400 2079 1484 2179 suis
1504 2077 1553 2152 ti-

477 2228 524 2296 (o)
549 2221 653 2283 Cicero
677 2221 738 2282 hoc
754 2219 820 2299 ipso
847 2241 940 2290 enno,
963 2240 1020 2298 quo
1045 2219 1082 2280 de
1101 2240 1165 2299 rep.
1184 2241 1256 2300 opus
1276 2201 1493 2300 componebat,
1515 2227 1553 2286 sd

434 2303 569 2364 Atticum
588 2326 632 2366 rr.
656 2310 690 2368 ιθ
708 2305 841 2370 scribens
862 2349 872 2380 ‚
900 2323 956 2384 qua
975 2305 1006 2362 in
1024 2303 1149 2380 epistula
1167 2303 1204 2362 de
1222 2303 1355 2382 politicis
1372 2306 1446 2382 ipsis
1457 2301 1553 2368 'tibris

431 2385 585 2463 loquitur,
606 2389 665 2454 aits
689 2395 863 2459 ernistum-t,
886 2394 927 2447 mi
945 2391 1109 2468 Pomponi,
1127 2383 1187 2446 iton
1203 2409 1313 2447 omnem
1326 2389 1423 2472 ¹modo
1447 2413 1553 2452 sucum

432 2489 469 2528 ae
488 2477 680 2542 sauguinem,
707 2473 762 2530 sed
786 2479 876 2532 etiam
897 2473 1025 2530 colorem
1050 2477 1232 2547 περαίη
1252 2479 1415 2549 pn'slr'nam
1434 2481 1553 2536 ciuile·-

430 2559 488 2612 tis:
506 2556 596 2616 maiia
607 2563 658 2614 ‚est
673 2571 750 2628 resp.
766 2573 843 2632 quae
858 2553 1006 2622 delectet,
1029 2557 1064 2610 in
1079 2574 1140 2634 pua
1156 2559 1358 2632 acquiescam.
1377 2557 1461 2627 Quae
1479 2580 1553 2618 uero

432 2633 472 2694 ba
492 2647 551 2692 tam
568 2633 676 2694 similia
686 2633 757 2693 huic
773 2625 949 2712 prohoemio
967 2631 1064 2710 quinti
1082 2628 1154 2692 libri
1173 2647 1241 2693 sunt
1251 2677 1261 2704 ,
1272 2650 1305 2693 ut
1321 2635 1357 2694 ab
1374 2635 1445 2706 illo,
1464 2646 1553 2718 quod

431 2713 567 2777 iis'iorte
586 2719 692 2778 diebus
708 2717 910 2786 scribebatur,
927 2717 959 2772 in
976 2715 1132 2792 epistularu
1144 2761 1153 2787 ,
1167 2730 1218 2774 sut
1236 2721 1337 2776 oontr'n
1359 2717 1397 2777 ab
1418 2723 1553 2797 epistula
1581 2725 1584 2730 ’

427 2803 464 2864 in
480 2800 686 2878 prohoemium
706 2801 852 2860 transfusa
869 2799 1045 2880 videantur,
1058 2801 1162 2862 Mores⁴
1171 2803 1371 2860 Romanorum
1390 2806 1550 2880 perditos,

431 2887 482 2964 qui
501 2904 598 2948 ansam
618 2885 763 2960 ciuilibus,
774 2883 862 2947 bellis
880 2881 1046 2952 dederuut,
1064 2875 1183 2967 pottic'o
1200 2881 1341 2948 facundia
1357 2902 1459 2958 nurrat
1482 2894 1549 2954 Lu.

431 2987 521 3030 canus
538 2969 563 3024 Ι.
587 2967 651 3029 158.
671 2989 733 3047 sqq.
760 2987 775 3001 ”
805 3026 810 3036 ,
1100 2996 1104 3002 ·
1181 2993 1184 3000 ·
1541 2977 1546 2986 “

472 3052 519 3127 (b)
540 3048 724 3129 Augustinus
741 3053 774 3112 C.
786 3055 822 3110 D.
843 3053 882 3110 11.
906 3051 951 3110 16:
971 3053 1051 3113 mata
1076 3054 1250 3118 morumita
1266 3073 1376 3130 magna
1392 3063 1491 3130 suut„
1513 3069 1549 3122 ue

427 3139 478 3197 his
501 3138 669 3197 doen'sstno'
692 3144 891 3196 Romanorum
918 3133 1001 3202 uiri',
1019 3137 1107 3191 etiam
1125 3137 1275 3192 stantibus
1297 3140 1443 3206 urbibus,
1465 3161 1549 3222 resp.

423 3227 525 3300 perire
539 3224 730 3291 confirment.
751 3219 823 3290 Quis
842 3235 901 3274 non
920 3215 1027 3285 sentit,
1039 3215 1076 3272 nb
1093 3216 1259 3294 Augustino
1277 3221 1407 3295 spectari
1425 3221 1549 3282 Cicero·

426 3305 473 3365 nis
498 3304 578 3366 huuc
602 3303 723 3366 locum?
745 3303 867 3366 Frustra
892 3298 987 3375 igitur
1004 3297 1305 3369 Meminizeditores,
1335 3303 1408 3362 duro
1426 3305 1466 3366 etl
1480 3310 1549 3372 Cos·

428 3407 554 3463 quaeum
572 3386 787 3464 Viuesiumque
804 3380 964 3459 Augustini
984 3381 1341 3464 interpretesrespiciunt
1351 3426 1361 3456 ,
1381 3387 1412 3444 in
1429 3392 1548 3468 margi-

426 3488 464 3527 ne
483 3471 575 3528 citant
594 3469 693 3528 locum
704 3465 851 3544 quendam
871 3464 1025 3540 plautinae
1041 3465 1147 3524 Persae
1160 3472 1173 3534 ('
1184 3486 1228 3526 tv.
1250 3471 1276 3536 4.
1295 3469 1322 3525 6.
1340 3487 1402 3547 sqq.
1414 3477 1427 3541 )
1438 3513 1447 3539 ‚
1458 3473 1544 3548 qu‘asi

425 3551 609 3628 Augustinus
621 3553 659 3610 de
670 3552 775 3610 Plauto
787 3544 977 3622 cogitauerit.
985 3541 1443 3626 Rerumpublion'rumiortunnm
1453 3573 1470 3612 e
1479 3575 1548 3616 mo·
1626 3573 1627 3612 t

422 3652 489 3692 runt
512 3633 755 3692 inclinationibus
772 3629 905 3712 pendere
923 3629 1010 3688 docet
1029 3631 1116 3692 etiam
1135 3631 1221 3692 Plato
1240 3654 1312 3692 rur.
1326 3654 1357 3711 p.
1369 3633 1436 3706 544.
1456 3639 1542 3704 Sane
1626 3615 1627 3700 l

423 3727 452 3776 et
472 3715 680 3792 Karthaginis,
704 3735 762 3793 quo
781 3727 912 3790 ternpore
930 3733 947 3769 a
965 3709 1101 3772 barbaris
1119 3735 1219 3773 euersa
1238 3723 1301 3786 est,
1327 3738 1419 3775 mores
1435 3717 1543 3780 horn-i}
1626 3713 1627 3792 ἦ

422 3795 499 3862 biles
510 3815 537 3859 et
548 3820 643 3878 prope
653 3797 791 3858 beluinos
810 3795 983 3855 ardentibus
992 3795 1179 3876 eloquentiae
1190 3817 1261 3855 suae
1273 3798 1421 3860 coloribus
1431 3802 1544 3863 desor-
1626 3817 1627 3870 l

421 3871 483 3946 mat
500 3883 654 3948 Saluianus
664 3885 700 3942 G.
713 3885 748 3942 D·
764 3904 820 3942 vn.
836 3883 882 3940 16.
893 3899 976 3958 sqq.;
996 3892 1058 3938 turn
1076 3880 1188 3938 romani
1204 3881 1333 3967 imperiii
1350 3887 1541 3964 corruptelas

420 3963 475 4028 diu
500 3979 680 4036 execratus,
703 3967 789 4042 eique
813 3961 981 4021 exitiumin
1003 3961 1061 4021 fine
1086 3963 1157 4024 libri
1181 3965 1344 4039 eminutus,
1371 3973 1536 4048 soranos,
1626 3981 1627 4010 ³

422 4055 482 4123 ait,
511 4073 626 4114 mortem
643 4061 816 4110 notuerunt
834 4053 909 4106 uitia
925 4051 1086 4107 uicerunt:
1193 4047 1206 4070 '¹
1530 4053 1536 4067 ¹
1626 4037 1627 4056 ¹

419 4171 578 4238 mendose
596 4185 633 4236 ut
654 4183 795 4257 nostr-ar
825 4185 905 4229 nem
921 4179 958 4229 ut
1000 4165 1092 4254 opud
1111 4167 1285 4254 Non-inm,
1317 4165 1404 4257 quoe
1422 4175 1539 4258 parti..
1626 4211 1627 4256 ,

409 4245 723 4348 ‘porticulomreote
734 4255 959 4416 praetermit·
999 4255 1078 4324 cula'
1098 4259 1134 4326 in
1150 4256 1340 4362 Augustino
1362 4259 1540 4334 desideunss¹
1626 4323 1627 4326 ,

419 4352 460 4415 tit
479 4351 711 4444 Augustinus.
767 4349 882 4418 dditnr
902 4363 959 4412 ta·
1000 4365 1087 4424 tur.
1395 4349 1398 4354 ⁸

415 4454 497 4528 mou
512 4448 679 4518 iamaute
693 4456 959 4520 euaoeseeotam,
1082 4439 1089 4450 '
