3314 5658
1099 490 1246 559 xt'lm

120 592 221 668 libris
255 595 385 692 profert
412 593 466 693 (t)
492 623 503 666 s
529 593 623 686 qnod
648 593 762 686 ipsum
792 597 1062 672 animadversum
1097 607 1242 678 Barthio

120 707 234 801 puto,
261 733 363 804 aquo
382 713 505 791 diserte
523 714 648 781 dicitur
661 710 715 807 (a)
728 715 849 782 Petrus
866 718 1079 808 pictaviensis
1096 715 1237 786 babuis-

123 843 157 894 se
179 825 355 895 Ciceronis
376 824 419 891 de
443 847 515 913 rep.
528 819 635 891 libros
653 823 821 915 integros.

139 927 251 1004 ·vtt.
277 931 476 1001 Recentiora
500 947 651 1022 tempora
667 930 824 1025 ingressis
844 933 914 1003 dno
934 934 1032 1003 nobis
1051 947 1236 1005 occurrunt
1303 955 1364 1024 epe·
1386 949 1461 1010 lavs-

120 1047 236 1140 graeci
254 1043 403 1114 homines
429 1035 597 1108 Planudes
621 1053 655 1126 et
684 1039 798 1122 Gara,
820 1062 967 1132 quornm
986 1024 1072 1112 alter
1100 1039 1237 1110 merulo
1266 1025 1464 1164 'tfflffffi

121 1153 218 1240 nir,
239 1155 325 1225 alter
343 1167 525 1246 sequente,
551 1151 720 1218 somnium
737 1151 904 1242 Scipionis
928 1155 966 1221 in
983 1175 1138 1248 graecm
1158 1151 1239 1222 ¹lin-
1270 1168 1302 1221 nt
1314 1183 1376 1220 use.
1388 1115 1462 1228 dixu

119 1277 224 1358 gnam
243 1277 504 1332 converterunt.
525 1262 614 1330 Cave
633 1276 745 1327 tamen
763 1263 879 1329 credas
897 1283 1033 1354 graeem
1051 1259 1240 1356 buriates·-

120 1392 234 1464 pretes
251 1373 408 1442 babuisse
428 1373 581 1440 codicem
599 1373 641 1440 de
652 1397 725 1464 rep.
744 1372 935 1464 integrum.
957 1369 1126 1462 Scipionis
1137 1370 1242 1462 quip⁴

120 1508 164 1576 pe
183 1486 354 1553 somnium
373 1509 393 1550 a
410 1481 549 1574 politico
569 1505 710 1573 corpure
729 1480 885 1550 avulsum
896 1482 1020 1572 passim
1039 1480 1190 1550 occurrit
1202 1481 1240 1548 in

120 1592 282 1662 codicum
293 1591 463 1684 apothecis
475 1637 485 1674 ,
496 1606 630 1682 praeter
648 1611 751 1682 quam
761 1589 900 1682 quadiu
913 1587 1082 1657 Macrobii
1103 1607 1242 1680 qnoque

123 1698 371 1791 exemplaribus
390 1715 477 1768 extat
490 1750 497 1765 .
510 1694 686 1766 Affirmare
699 1696 804 1792 igitur
815 1699 985 1787 licet‚post
995 1695 1239 1765 duodecimum

121 1822 211 1880 certe
232 1807 408 1879 saeculum
425 1809 549 1876 famam
568 1809 802 1877 tantummodo
826 1809 991 1876 incertam
1010 1823 1045 1876 et
1067 1804 1178 1876 levem
1195 1809 1240 1875 de
1272 1813 1282 1828 “
1402 1843 1405 1852 ·

119 1915 345 2010 politicorum¹
353 1907 522 1986 librorum
532 1913 764 1986 incolumitate
777 1941 835 1985 seu
849 1943 906 2008 spe
918 1907 1076 1984 nlausisse
1089 1955 1130 1983 .-
1139 1919 1241 1986 Cice*

119 2027 212 2092 mnis
227 2027 269 2093 de
281 2029 353 2115 re'p.
366 2024 566 2092 nominatim
577 2020 683 2091 libros
696 2046 775 2091 cnm
793 2021 865 2091 aliis
883 2025 1036 2092 eiusdem
1055 2019 1236 2113 operibus,

8 2197 10 2210 ‚
119 2135 212 2202 iussu
232 2134 433 2224 praesertim
458 2133 642 2204 Clementis
662 2153 703 2200 vr
723 2135 835 2223 Papae
858 2131 1094 2202 litteratissimi
1114 2129 1193 2224 (3),
1213 2151 1239 2196 a

117 2245 301 2313 Francisco
322 2231 510 2310 ¹Petru'rcba
528 2241 629 2308 luisse
658 2241 737 2322 diu,
757 2240 900 2323 acriter,
929 2237 1057 2333 maguis
1074 2234 1248 2327 impensis

122 2355 280 2443 curisque
298 2348 496 2442 vestigatus,
516 2367 634 2420 testem
652 2351 765 2441 ipsum
782 2347 946 2418 babemus
968 2349 1082 2416 virum
1099 2344 1237 2414 incom-

8 2501 10 2510 ν
120 2461 309 2558 parabilem
327 2457 457 2552 prolixa
480 2457 624 2553 epistula
644 2475 712 2530 sen'.
726 2479 793 2530 xv.
814 2485 842 2543 s,
857 2479 943 2552 quae
963 2476 1032 2527 tota
1051 2451 1160 2525 estde
1173 2454 1237 2526 (li-v

119 2563 248 2644 coronis
267 2567 364 2637 libris
383 2566 460 2660 (d).
480 2569 548 2640 Sed
567 2586 678 2637 tamen
706 2566 869 2650 incassum
886 2565 1106 2658 politicorum
1123 2560 1236 2630 libru-¹

118 2703 197 2746 rum
214 2677 316 2744 fuisse
332 2675 608 2768 vestigationem,
622 2695 724 2766 seque
743 2677 785 2743 de
795 2671 837 2743 iis
854 2673 992 2742 demum
1010 2669 1236 2764 desperavisse
1342 2715 1347 2720 „

118 2785 298 2852 confirmat
323 2785 413 2852 idem
432 2783 519 2853 etin
545 2785 717 2875 praedicta
741 2779 884 2874 epistula
904 2801 938 2850 et
966 2781 1003 2850 in
1021 2783 1168 2850 secunda
1186 2779 1235 2848 ad-

118 2894 209 2959 viros
227 2889 396 2960 illustres.
417 2891 624 2962 Fortunatus
637 2889 765 2983 alioqui
776 2890 880 2960 bomo
892 2893 928 2958 in
947 2889 1156 2960 inveniendis
1168 2891 1235 2960 Gi·

8 2993 10 3044 l
118 3001 249 3068 coronis
269 3000 401 3089 scriptis
436 3015 469 3068 et
498 3023 717 3069 aerumnosus
743 3000 780 3068 in
798 2998 1013 3069 amittendis!
1033 3017 1181 3090 namque
1205 2997 1241 3062 is·

117 3111 246 3196 reperis
264 3103 377 3174 Tullii
396 3102 553 3196 epistulas
572 3107 615 3174 ad
631 3107 799 3188 diversos,
822 3107 982 3196 idemque
1001 3108 1111 3173 amisit
1129 3106 1238 3172 libros

117 3212 159 3304 de
178 3209 307 3304 gloria.
338 3211 432 3281 lllnd
450 3211 578 3292 miror,
609 3207 651 3276 ab
670 3211 820 3276 infinitae
849 3211 1029 3276 memoriae
1042 3209 1117 3276 viro
1141 3209 1171 3274 l.
1190 3202 1235 3276 A.

121 3319 279 3394 Fabricio
305 3319 406 3384 fnisse
424 3319 461 3382 in
488 3313 642 3382 Varrone
671 3309 967 3403 praetermissum,
995 3311 1088 3404 quod
1117 3335 1240 3406 nempe

115 3425 302 3500 Petrarch'a
321 3423 484 3494 Varronis
503 3422 609 3492 libros
628 3419 817 3490 divinarum
828 3418 1104 3491 etbnmanarum
1121 3445 1240 3495 rernm

117 3555 205 3628 puer
222 3531 365 3625 legerit,
378 3555 482 3622 quam
497 3555 571 3600 rem
590 3530 661 3621 ipse
672 3525 856 3598 Petrarclm
875 3552 945 3598 non
964 3528 1035 3599 sine
1053 3528 1148 3600 dulci
1160 3532 1239 3600 ani·

116 3647 167 3720 nri
186 3665 286 3712 sensu
304 3657 469 3724 memorat
486 3637 630 3730 epistula
649 3639 767 3731 quinta
786 3641 829 3707 ad
848 3639 936 3709 viros
953 3637 1124 3720 illustress
1143 3637 1238 3710 inae-

114 3769 197 3822 eeus
216 3747 342 3841 pariter
364 3749 458 3839 quod
487 3745 578 3817 illud
603 3744 764 3818 volumen
781 3745 846 3816 sibi
871 3745 1001 3836 iamed
1030 3772 1149 3818 manns
1167 3771 1239 3824 non

8 4007 12 4024 ,
125 4019 129 4024 ,
162 3964 212 4030 (τ)
236 3958 270 4015 ln
288 3955 415 4034 epistola
434 3956 472 4016 ud
491 3953 655 4018 calumnia·
700 3953 820 4016 maximi
844 3955 937 4032 pedes
961 3955 1051 4018 luisse
1073 3953 1149 4016 dicit
1177 3969 1239 4012 rer«

12 4061 16 4072 ·
120 4037 460 4118 turembibliotbdugd.
474 4046 531 4102 PP.
543 4057 563 4102 t.
575 4063 655 4102 1111.
700 4061 821 4100 memor.
840 4041 879 4097 11.
898 4062 921 4097 ι.
933 4039 984 4097 lin.

116 4123 228 4203 judai.
245 4123 356 4183 eonter
373 4125 552 4208 derep.V.7.
745 4129 793 4200 (4)
813 4125 859 4180 De
869 4122 1019 4182 Ciceronis
1028 4115 1238 4200 seriptisal’e-

120 4251 127 4264 .
161 4215 211 4282 (n)
235 4206 394 4266 Adversas.
422 4221 523 4266 ωτι.
551 4205 580 4267 5.
608 4207 655 4266 18.
703 4207 822 4268 trareha
840 4206 963 4265 iubente
982 4203 1127 4266 Pontifice
1144 4220 1239 4282 ques·

161 4291 212 4362 (3)
236 4288 287 4350 Sic
303 4311 369 4349 eum
381 4289 513 4368 appellat
521 4294 586 4372 ipse
595 4295 657 4350 Pc-
703 4293 767 4350 sitis
782 4289 889 4367 legesis
914 4290 1004 4348 etiam
1023 4311 1069 4370 cp.
1088 4290 1157 4351 sam.
1175 4302 1236 4362 uu.

120 4371 240 4434 trt'rclta
273 4373 416 4452 epjsam.
445 4373 654 4452 v111.6‚qui
702 4379 731 4448 4,
749 4385 778 4436 et
794 4374 835 4434 ad
849 4368 912 4432 uir.
928 4371 974 4433 ill.
991 4385 1111 4439 ΜΗ.
1201 4371 1202 4376 ¹

119 4475 208 4541 saepe
224 4475 256 4517 se
267 4468 337 4516 ante
346 4457 488 4522 eiusdem
503 4457 656 4518 reatinen
850 4535 876 4594 t
