3314 5658
1143 513 1212 582 vlt

387 619 888 706 ,ΡΙίΑΕΗΤΙΟ

136 849 373 1018 [Tulliani
390 944 498 1036 operis
511 947 553 1014 de
566 969 603 1015 re
620 945 757 1040 publice
776 963 886 1036 psrtos
905 947 1047 1016 ineditos
1062 991 1074 1032 ,
1088 964 1122 1014 et
1139 967 1216 1016 mox
1247 927 1439 1062 QPf¹¹¹¹¹9⁸⁰ffj

105 1049 170 1118 elie
189 1070 343 1120 veterum
360 1053 673 1144 scripts,'bortnnte
692 1055 879 1126 refovente
899 1056 934 1120 in
952 1057 1070 1146 primis
1088 1061 1164 1122 eriro
1183 1071 1217 1122 et
1245 1027 1289 1138 {2
1297 1021 1394 1150 ‘1:⁰23‘
1499 1093 1504 1096 ·

109 1163 185 1227 rino
206 1157 382 1228 Cardinsli
401 1157 753 1249 Conselvio‚petrono
766 1177 1011 1250 asperomonte
1029 1158 1219 1229 luentium

105 1267 298 1334 studiorum
315 1267 388 1336 viro
407 1285 442 1335 et
459 1268 625 1360 regendae
643 1269 727 1360 reip.
742 1269 960 1338 scientissimo
980 1317 990 1351 ,
1010 1270 1100 1364 typis
1118 1270 1218 1336 edere

104 1375 303 1469 aggredior.
320 1375 389 1446 Sed
407 1393 593 1467 antequam
604 1379 646 1444 de
660 1378 775 1444 codice
794 1378 948 1446 vaticano
959 1375 1084 1470 loquer
1096 1424 1106 1460 ‚
1120 1377 1218 1444 cuius

104 1483 270 1552 beneficio
294 1482 379 1551 boec
396 1476 554 1575 politicae
573 1485 730 1553 scientiae
749 1485 955 1554 incremento
974 1501 1092 1552 nectus
1122 1507 1218 1564 sum,
1320 1473 1326 1480 ’

104 1593 210 1680 ipsius
235 1594 384 1683 opprime
408 1593 516 1683 operis
540 1615 602 1660 nec
627 1591 813 1658 iniucunda
836 1613 899 1660 nec
924 1589 1055 1660 inutilis
1078 1590 1220 1659 historia

105 1702 309 1792 perterrendo
332 1717 382 1766 est
402 1753 420 1770 .,
443 1701 592 1768 Domitio
611 1696 814 1768 Aenobarbo
834 1716 868 1767 et
898 1698 1046 1770 Claudio
1065 1695 1218 1766 Pulchro

106 1803 325 1887 consulibus,
338 1807 539 1874 varroniano
558 1801 688 1872 scilicet
706 1803 801 1871 urbis
819 1827 906 1873 enno
925 1806 1218 1900 septingentesimo
1236 1827 1239 1836 ·

108 1917 205 2011 (qui
229 1933 303 1983 erat
325 1940 434 1984 onnus
458 1914 605 1982 auctoris
628 1916 737 1982 nostri
760 1931 900 2005 quartus
924 1933 958 1984 et
976 1916 1221 2007 quinquegesi-
1302 1937 1312 1942 ·

103 2050 208 2108 mus,
232 2041 309 2116 post
333 2021 549 2092 consulatum
571 2023 722 2090 decimus
740 2020 756 2114 l
776 2023 899 2091 aestivo
924 2038 1077 2113 tempore
1096 2023 1219 2090 Cicero

105 2129 235 2200 colores
259 2130 421 2196 maximos
445 2129 552 2195 ritens
571 2129 608 2194 in
627 2127 820 2197 Cumanum
843 2129 999 2210 secessit,
1022 2129 1139 2218 ibique
1157 2128 1219 2194 hos

99 2237 207 2312 libros
225 2239 384 2330 politicos
397 2238 545 2306 scribere
565 2237 712 2304 instituit
725 2233 778 2330 (ι)
792 2286 801 2305 .
815 2237 857 2307 Et
875 2235 977 2304 buius
989 2239 1129 2327 quidem
1141 2239 1222 2338 scri·

105 2349 154 2440 pti
172 2347 296 2417 netelis
313 2371 421 2415 onnus
440 2371 480 2414 er
498 2341 643 2436 epistula
665 2341 881 2414 ad'Attioum
900 2347 1010 2438 quarti
1031 2344 1111 2412 libri
1131 2363 1220 2416 sexte
1275 2437 1278 2444 Ι

105 2463 241 2532 decimo
252 2477 403 2542 constet,
417 2461 454 2526 in
467 2477 533 2549 qne
552 2483 586 2526 se
597 2459 718 2528 Cicero
730 2473 765 2524 et
776 2454 859 2524 buic
878 2459 970 2548 operi
989 2459 1111 2526 instare
1129 2483 1220 2526 nun·

107 2572 199 2649 ciet,
224 2563 396 2659 simulque
419 2567 467 2635 eit
490 2567 678 2660 designatos
702 2587 772 2633 esee
796 2561 951 2633 consules
975 2567 1165 2634 Domitium
1186 2586 1221 2638 et

1 2747 2 2750 ,
104 2677 307 2758 Messalam,
319 2676 379 2768 qni
397 2699 514 2769 reapse
526 2672 740 2742 consulatum
753 2675 903 2741 inierunt
915 2697 1002 2742 enno
1015 2675 1109 2742 urbis
1122 2699 1218 2748 occi.

1 2787 2 2812 ³
102 2789 218 2880 Atque
243 2787 327 2853 eden
350 2799 468 2852 notare
491 2779 617 2866 lubet,
641 2782 731 2848 inter
749 2781 921 2852 Ciceronis
942 2827 952 2864 ‚
977 2805 1063 2872 quae
1093 2809 1218 2875 snper-

1 2881 2 2966 Ϊ
101 2911 183 2962 sunt
202 2939 213 2975 ,
239 2891 383 2982 exceptis
402 2886 556 2982 epistulis
575 2904 609 2954 et
627 2888 856 2968 orationibus,
882 2886 1052 2976 nobiliore
1071 2894 1217 2984 scripto,

101 3001 169 3071 boc
188 3001 331 3093 quidem
349 3001 391 3068 de
409 3013 613 3092 repostum
630 3019 700 3063 esse
719 2996 818 3062 tertio
832 2993 930 3064 loco.
949 2991 1036 3062 Nem
1048 3017 1124 3087 post
1142 3001 1217 3068 edi·

100 3127 178 3179 tum
195 3109 326 3176 iamdiu
344 3109 386 3176 de
404 3107 598 3174 inventione
610 3101 779 3170 rhetorice
799 3122 884 3192 opus
904 3148 914 3182 ,
939 3104 1110 3191 superiore
1129 3131 1217 3174 enno

98 3215 208 3285 libros
226 3219 271 3286 de
291 3232 423 3284 orstore
442 3207 677 3282 seebsolvisse
696 3209 743 3273 sit
758 3208 880 3274 Cicero
900 3205 943 3272 ed
962 3203 1117 3272 Atticum
1135 3211 1221 3277 scri·

99 3325 183 3392 lm
197 3324 315 3396 m&
328 3337 395 3409 qne
406 3321 444 3384 in
457 3312 599 3406 epistole
611 3313 764 3384 meminit
776 3312 886 3381 Crassi
900 3358 910 3394 ‚
923 3315 983 3404 qui
996 3315 1114 3382 eodem
1132 3334 1223 3384 tem-

102 3455 187 3526 pore
200 3425 383 3522 paludatus
397 3417 913 3513 inprorinoiemerotprofeotus
928 3417 982 3516 (α)
996 3447 1012 3499 r
1027 3423 1124 3496 ouius
1137 3449 1220 3515 pro·
1254 3410 1257 3433 ¹
1314 3457 1317 3464 ’

99 3535 256 3608 iectionis
279 3549 407 3604 annum
428 3526 530 3596 fnisse
549 3527 649 3593 urbis
674 3549 757 3600 octo
779 3571 793 3609 ,
814 3525 1026 3618 exploratum
1048 3547 1097 3598 est
1112 3559 1122 3596 s
1140 3558 1220 3601 nene

103 3641 322 3720 consulatum
335 3659 417 3706 oorn
435 3637 595 3728 Pompeio
608 3639 748 3708 Croesus
767 3636 925 3732 gerebat.
953 3641 1133 3728 Temporis
1152 3643 1221 3736 igi·
1324 3690 1328 3698 -

101 3751 159 3830 tur
189 3753 272 3822 iecit
291 3749 526 3844 propinquitas
546 3761 585 3812 ut
603 3747 751 3814 duorum
775 3765 915 3833 operum
934 3745 1071 3812 exordia
1100 3767 1220 3836 perum
1277 3821 1284 3831 ι

106 3859 256 3932 dissimili
273 3858 402 3926 ratione
426 3871 639 3928 tererentur.
652 3853 760 3921 Porro
779 3851 814 3916 in
827 3849 934 3918 Tullii
953 3853 1155 3922 editionibus
1172 3858 1221 3922 sir

109 3973 185 4066 quis
208 3963 341 4064 singula
362 3961 486 4056 scripte
509 3958 748 4057 chronologico
768 3958 886 4025 ordine
906 3959 1083 4047 disponere
1102 3960 1220 4046 volet,

110 4079 141 4146 ei
163 4092 241 4168 post
266 4071 427 4146 oratorios
450 4070 494 4140 ed
528 4067 692 4152 Quintum
720 4061 848 4146 libros,
877 4061 1003 4154 politici
1031 4061 1219 4141 collocandi

101 4197 226 4260 ernnt;
249 4182 300 4249 sin
319 4200 398 4248 roro
416 4176 574 4246 materiae
592 4175 759 4241 rationem
776 4171 914 4251 babebit
932 4218 942 4255 ,
963 4169 1065 4240 libros
1085 4175 1127 4242 de
1145 4200 1216 4270 rep.

104 4307 180 4366 ante
200 4285 306 4356 llbr'os
319 4289 361 4360 de
373 4282 639 4377 legibusponet.
663 4281 750 4354 Sene
769 4278 931 4372 pleraque
945 4280 1119 4350 Ciceronis
1139 4275 1220 4375 ope-

158 4420 207 4494 (ι)
225 4411 277 4480 bd
294 4401 643 4497 ott-uaticinos:
728 4411 777 4486 (r)
795 4400 904 4472 Confer
920 4421 967 4488 ep.
985 4402 1025 4464 sd
1039 4401 1165 4486 lembo.
