3262 5662
416 520 854 600 ,rraunrrst
1104 497 1189 586 '155

91 639 208 725 ollem
218 667 309 724 esse
322 637 463 724 uoluit
480 706 491 726 .
517 639 559 728 N
562 669 630 724 am
644 669 751 756 quae
764 634 1041 754 perdiscenda
1058 669 1191 760 quae-

89 811 169 896 que
193 778 452 866 obseruanda
469 779 618 894 esllsent
635 782 767 866 multa
786 783 1032 891 constituit,
1049 781 1123 868 sed
1140 813 1187 867 ea
1217 788 1251 848 P·
1271 787 1322 867 ⁶9·

88 921 181 1003 sine·
204 921 409 1032 inpensa.
442 923 511 1008 Sic
543 920 818 1040 religionibus
859 922 1048 1010 colendis
1088 955 1193 1040 ope-
1349 901 1354 910 ¹

88 1085 174 1142 ram
190 1055 380 1164 addidit,
405 1083 594 1146 sumtum
616 1067 797 1149 remouit
824 1089 892 1154 to:
926 1063 1127 1184 idemque
1145 1057 1196 1163 (η’

86 1223 290 1288 mercatus
330 1229 412 1308 (a),
445 1201 572 1289 ludos
606 1263 620 1312 ,
653 1236 885 1324 omnesque
923 1213 1198 1294 conueniun-
1277 1267 1281 1272 -
1322 1197 1336 1204 ’

94 1398 99 1414 ’
130 1410 143 1472 (
163 1413 176 1477 )
202 1405 277 1465 Cod.
298 1418 331 1464 ut
347 1407 501 1488 1'demqu03
521 1429 622 1468 uerum
640 1421 675 1470 ut
694 1417 707 1481 (
717 1381 797 1488 quod
817 1411 847 1470 in
866 1412 969 1473 codice
987 1409 1057 1472 ratis
1074 1411 1196 1472 uidetur

86 1498 288 1568 arpuuctum)
311 1491 447 1570 profecto
465 1491 533 1554 heic
549 1494 648 1554 locum
664 1515 725 1554 nou
743 1496 849 1556 hahet.

86 1603 281 1689 tosissimir.
316 1603 615 1714 super-stitionr'bus
661 1621 788 1690 abeunt
799 1623 1099 1705 seutentiaa‚mihi
1110 1623 1195 1710 haee
1248 1687 1252 1694 .

84 1714 260 1777 onerauit.
660 1715 715 1784 lex
733 1718 873 1783 uidetur
896 1716 998 1784 fuisse
1018 1734 1196 1806 sumptua-

130 1799 182 1893 (ι)
203 1800 278 1870 Cic.
290 1797 355 1894 leg.
370 1803 453 1874 IL8
474 1829 513 1872 cx
525 1805 614 1874 duo·
659 1809 730 1890 ria,
756 1809 792 1874 in
809 1808 976 1876 Postumii
1001 1807 1095 1874 illius
1110 1831 1200 1876 cun-·

84 1891 194 1963 decim
237 1892 390 1962 tabulis:
423 1897 474 1966 od
513 1899 615 1968 diuos
660 1897 774 1967 aulatu
792 1916 979 1982 renouata,
998 1899 1061 1970 auh
1074 1921 1142 1990 quo
1156 1923 1195 1966 e-

83 1983 236 2054 odeunto
274 2005 367 2055 coste
400 2032 411 2066 ‚
449 1993 615 2082 pietatem
663 1993 745 2058 tiam
758 1989 1104 2083 epicureiuoluptatis
1117 2016 1195 2057 ma·
1260 2007 1262 2012 “

83 2076 276 2145 adhibento
287 2121 297 2157 ‚
310 2103 393 2172 opes
409 2101 617 2160 amouent03
664 2073 760 2177 gistri
778 2089 884 2153 Roma
903 2081 995 2174 pulei
1024 2083 1164 2151 luerunt
1182 2109 1200 2158 ς·

84 2189 185 2327 quam
198 2170 618 2265 doctrinam-pergitidem
663 2193 747 2242 teste
778 2175 953 2244 Athenaeo
982 2195 1054 2245 xu.
1084 2201 1137 2260 ra,
1161 2192 1197 2242 et

114 2262 206 2328 icero
250 2261 415 2350 sapienter
450 2263 617 2355 explicare
664 2269 768 2338 Suida
791 2291 867 2334 noc.
899 2265 1103 2358 'antonna
1132 2285 1198 2334 1¹00

85 2374 154 2442 cap.
176 2375 204 2422 x
226 2371 261 2421 et
279 2372 363 2422 xvi.
384 2355 446 2421 llei
464 2361 619 2426 meminit
662 2357 732 2426 nou
750 2357 1050 2428 bacchanaliorum
1068 2355 1196 2427 acalera

84 2445 185 2510 etiam
204 2445 387 2534 parad.l.3.
401 2443 469 2516 'Adi
487 2463 624 2538 praete·'
664 2449 871 2520 seuerissime
891 2451 1062 2518 uindicata
1073 2499 1084 2534 ,
1097 2465 1136 2518 ut
1149 2451 1197 2516 ait

84 2557 140 2600 rea
165 2536 423 2604 Tertullianum
442 2539 529 2631 apol.
543 2566 616 2634 cap.
664 2545 833 2612 Firmioua
851 2544 893 2611 de
913 2539 1080 2633 eruptos.
1095 2541 1195 2634 relig.

85 2645 179 2696 xxv.
206 2627 321 2698 Unam
346 2633 469 2720 excipit
496 2634 618 2702 Cicero
664 2637 717 2702 ed.
744 2633 855 2729 Lugd.
876 2637 950 2702 naa.
976 2638 1118 2727 1672.p.
1144 2637 1196 2704 16.

86 2721 205 2805 stipem
242 2724 285 2790 ad
321 2721 440 2790 Matris
475 2748 617 2822 magnae
662 2725 761 2796 Plato
785 2749 922 2819 qnoque
941 2731 1198 2818 superhumer-

86 2811 242 2890 eultumr
275 2839 398 2884 nerum
433 2817 616 2910 Dionyaius
660 2819 803 2887 'erorum
831 2818 952 2886 lurum
978 2817 1198 2910 reprehendit

87 2904 129 2969 ll.
157 2929 198 2998 ¹9
226 2907 384 2974 obseruat
400 2907 496 2974 hanc*
508 2912 618 3000 ipram
663 2911 700 2978 in
712 2911 889 2978 Alcibiade
899 2911 946 2979 ΙΙ.
960 2915 1055 2978 Tum
1066 2927 1100 2978 et
1111 2908 1198 2976 Plu-

87 3017 154 3064 aon
178 3021 198 3063 a
223 2999 356 3064 ciuibus
386 3001 444 3065 aed
463 3025 482 3062 a
501 3001 572 3066 Phr
599 3037 622 3053 -
667 3002 806 3068 tarohur
842 3001 993 3108 Lycurg.
1014 3025 1085 3091 cap.
1111 3023 1197 3069 xlx.

86 3088 207 3178 gibus*
228 3088 347 3179 colligi
384 3090 509 3155 Romae
538 3025 629 3155 soliJ
666 3107 700 3156 et
729 3091 849 3180 apoph.
870 3113 941 3196 reg.
961 3093 1058 3156 mitio
1078 3091 1200 3155 obaer-

85 3191 176 3243 tam.
212 3179 286 3246 Cur
312 3193 426 3243 autem
462 3201 501 3244 ea
538 3181 620 3270 stipa
666 3197 749 3260 uat,
767 3203 860 3246 saera
879 3179 1012 3244 minimi
1043 3187 1198 3268 sumptus

85 3286 329 3358 quaereretur,
348 3269 448 3336 docet
472 3269 619 3340 Ouidius
665 3274 855 3364 aLycurgo
869 3271 1009 3362 sperne
1027 3268 1128 3336 soleae
1140 3271 1201 3336 in-

87 3359 159 3426 laet.
191 3380 248 3428 lv,
281 3363 360 3430 350.
387 3363 475 3450 Quia
505 3381 620 3430 tamen
665 3365 803 3431 atituta.
823 3365 865 3430 lrr
888 3361 1042 3431 eamdem
1059 3379 1200 3430 senten-

88 3453 156 3520 aiue
176 3469 315 3542 sumptu
327 3475 419 3520 sacra
432 3457 545 3522 curari
556 3479 620 3522 ne-
665 3457 747 3523 tiam
776 3455 934 3548 loquitur
973 3455 1111 3525 Peraiu'a
1151 3455 1198 3523 11.

90 3562 246 3637 queunt,
261 3543 428 3612 Romulus
445 3565 521 3615 ante
539 3547 627 3616 Nu*
665 3550 723 3642 69,
743 3565 777 3618 et
795 3549 992 3616 Lactantius
1017 3549 1064 3616 ll.
1085 3543 1117 3634 4.
1138 3566 1203 3615 ηε

90 3658 177 3702 roam
195 3657 237 3705 ex
255 3633 620 3729 aerario'publicope·
666 3647 722 3712 25.
764 3641 996 3710 Nihilominus
1042 3637 1198 3732 plerique

93 3729 227 3808 cuniam
245 3731 289 3798 ad
311 3733 347 3798 id
379 3731 524 3798 conferri
548 3731 624 3798 iueu
666 3731 786 3822 populi
799 3735 905 3816 ,duce
917 3731 1028 3800 ueluti
1042 3749 1076 3799 et
1090 3733 1203 3825 magi·

89 3839 195 3905 serat,
223 3829 268 3888 ut·
285 3825 332 3889 ait
360 3825 543 3916 Dionysius
569 3827 617 3890 ll.
665 3840 733 3891 att-a
768 3825 910 3893 meliore
943 3840 1094 3904 natum,
1120 3824 1202 3890 deos

89 3913 141 3980 23.
185 3917 318 3981 Numae
357 3919 524 4004 postumia
565 3914 622 3982 lar
665 3939 742 3982 anos
760 3917 862 3982 enoria
879 3915 1065 4006 magnificis
1083 3913 1201 3979 hono-

90 4022 157 4070 erat
175 4015 258 4076 m'no
277 4029 396 4102 rogum
414 4033 459 4075 ne
477 4031 623 4101 reaper·
663 4029 739 4075 rare
757 4029 888 4097 semper
912 4019 1175 4073 consueuerant.

88 4102 157 4186 gito
183 4099 370 4168 mium.
397 4125 450 4180 ra,
469 4101 505 4168 id
525 4099 619 4195 qoud
693 4098 766 4194 (a)
791 4099 1032 4167 Nundinarum
1078 4111 1204 4162 aucto-

92 4187 139 4252 ιδ’
150 4213 194 4260 eo-
207 4191 374 4284 statutum
383 4209 521 4284 propter
536 4213 627 4282 par-·
664 4213 762 4274 rem,
780 4215 851 4261 non
868 4190 1040 4269 Numam,
1057 4187 1116 4254 aed
1138 4185 1203 4254 alii
1222 4189 1224 4194 ’

94 4281 267 4350 simoniam
303 4303 375 4354 est.
411 4287 484 4354 Cur
507 4285 621 4351 autem
667 4282 853 4354 Romulum
865 4281 924 4349 alii
935 4281 1095 4352 Seruium
1107 4275 1204 4345 Tul-

94 4366 147 4436 ler
173 4375 303 4443 Numae
339 4379 465 4444 diciuu·
500 4393 620 4467 postu-
665 4375 739 4444 lum
748 4377 877 4443 faciunt
885 4373 976 4465 apud
983 4370 1201 4440 Macrobiom

93 4465 193 4534 oriar
215 4469 285 4539 Eui
314 4471 440 4540 eruditi
470 4469 508 4541 in
526 4467 621 4540 aliu
665 4485 726 4573 art,
745 4471 839 4609 1³63
852 4465 956 4564 Apud
974 4465 1134 4541 Seruium
1150 4465 1202 4537 ad

97 1820 100 1828 ι
