3276 5660
374 531 378 544 ,
474 489 873 566 ‘treenruw
1120 497 1212 588 πη

120 643 123 650 ·
173 601 316 708 Neque
343 632 411 710 ego
439 604 569 682 hercle
599 633 654 682 ex
686 637 768 685 mea
803 613 923 686 animi
946 611 1136 684 sententia
1153 609 1217 686 lo·

99 735 224 828 quor,
255 730 327 836 sed*
346 717 387 801 nt
400 727 581 803 Carneadi
603 729 886 830 respondeatis,
915 731 979 830 qui
997 727 1221 832 saepeopti-

97 875 179 924 mas
200 853 327 928 causa's
342 851 475 950 ingenii
493 851 673 930 calumnia
688 851 872 929 ludificari
886 854 981 928 solet
995 856 1219 930 (onnus

96 994 187 1048 noe.
206 973 400 1050 calumnia
418 966 490 1044 (ὅ).

170 1093 248 1168 VI.
278 1091 483 1172 Carneades
513 1093 746 1216 acptlemicne
777 1111 895 1172 sectae
926 1092 1175 1199 philosophus
1182 1145 1213 1192 Α

95 1215 207 1289 ouius
224 1217 264 1289 in
286 1215 496 1290 disserendo
514 1244 605 1318 quae
622 1221 678 1294 uis
696 1221 829 1315 fuerit,
864 1247 955 1321 quac
982 1215 1227 1320 eloquentis„

94 1337 206 1440 quod
223 1360 402 1434 acumen,
416 1339 479 1440 qui
496 1343 639 1439 nescit,
666 1339 791 1443 ipsum
813 1344 854 1412 (θ)
876 1370 922 1416 ex
937 1341 1218 1444 praedicatione

95 1459 295 1562 Ciceronis
307 1457 488 1558 intelleget
502 1467 548 1534 (ι)
564 1475 627 1536 aut
644 1461 778 1536 Lucilii
793 1467 860 1559 (2)‚
893 1463 993 1564 apud
1010 1489 1120 1566 quem
1139 1461 1218 1534 dis-2

95 1603 222 1656 serens
249 1581 441 1682 Neptunus
455 1579 500 1655 de
514 1609 551 1656 re
569 1581 812 1678 difficillima,
839 1583 1002 1658 ostendit
1024 1609 1099 1658 non
1123 1607 1215 1683 pos-

93 1729 131 1778 se
154 1697 431 1805 idexplioari‚
459 1726 527 1776 nec
554 1699 586 1778 si
619 1702 844 1778 Carneadem
872 1701 998 1804 ipsum
1028 1728 1138 1777 orcus
1156 1728 1215 1776 re·

91 1822 249 1900 mittet.
278 1825 416 1900 Iseum
433 1819 571 1922 legatus
590 1821 635 1898 ab
649 1822 932 1900 Atheniensibus
945 1825 1108 1898 Romaim
1121 1823 1220 1916 mis·¹
1288 1889 1292 1895 ,

91 1971 157 2022 sus
194 1958 321 2043 esset,
346 1943 556 2046 'disputauit
588 1945 633 2020 de
659 1947 797 2022 iustitia
827 1947 1005 2048 copiose,
1043 1933 1213 2020 audiente

94 2067 223 2146 Galba
234 2087 272 2146 et
304 2071 445 2144 Catone
482 2067 685 2165 censorio,
719 2071 894 2166 maximis
938 2085 1027 2145 tunc
1056 2046 1215 2143 oiston!

92 2187 193 2266 bus.
224 2191 295 2264 Sed
307 2190 407 2266 idem
426 2190 716 2294 disputationem
734 2217 838 2265 susm
857 2191 1039 2293 postridie
1066 2205 1222 2296 ¹contre-¹
1334 2175 1336 2182 ¹

130 2358 180 2428 (a)
204 2347 376 2414 Lsot'sntins
402 2351 478 2411 inst·
498 2369 558 2412 stt.
583 2375 610 2432 7:
639 2352 816 2417 academicis
838 2351 880 2413 sul
901 2355 1001 2414 omnic
1027 2339 1207 2430 respondere

82 2444 278 2513 propositum
290 2451 353 2508 est,
364 2441 447 2515 quod
462 2445 620 2516 euporius
636 2441 817 2508 calumniari
832 2451 860 2494 et
875 2439 1022 2496 illudere.
1042 2435 1215 2496 Verietstes
1329 2498 1333 2506 ,

86 2518 118 2575 in
142 2519 232 2577 Nonii
253 2517 404 2580 codicibus
423 2533 510 2588 sunt,
533 2525 700 2582 Carneadis
716 2517 924 2599 respondentis
942 2519 974 2576 in
993 2527 1137 2595 quatuor;
1162 2539 1214 2578 re-

88 2605 240 2678 spondeas
261 2601 292 2658 in
317 2611 393 2672 tino}
412 2605 584 2684 calumpnia
610 2603 640 2659 in
658 2623 732 2663 uno.
770 2601 815 2676 (b)
840 2599 992 2662 Audacter
1009 2595 1068 2660 hoo
1084 2603 1214 2662 frustum
1244 2623 1246 2629 ⁴

88 2685 178 2742 tertio
196 2685 228 2743 in
246 2685 325 2744 libro
351 2683 521 2756 collocnui,
550 2706 724 2765 quemquam
757 2699 834 2757 tres,
864 2705 935 2764 ques
960 2681 1094 2761 inspexi,
1122 2685 1214 2744 Nonii

87 2767 236 2828 editiones
255 2767 286 2827 id
304 2765 433 2828 secundo
449 2767 529 2827 libro
550 2771 621 2827 dant
640 2799 648 2840 ς
668 2792 683 2828 e
705 2789 813 2828 nouem
835 2783 932 2826 autern
957 2767 1102 2824 natisonis
1120 2767 1211 2824 Nonii

88 2849 244 2912 codicibus
254 2849 382 2929 quinque
393 2851 471 2910 idem
486 2851 617 2910 secundo
636 2873 726 2928 seque
742 2850 821 2910 libro
838 2849 927 2922 dsnt;
942 2870 1008 2906 narn
1024 2859 1211 2926 quotuorre-

88 2927 163 3011 liqui
184 2945 356 2995 secarent.
374 2933 529 2992 Sedenim
548 2931 768 3009 grsrnmsticos‚
796 2930 971 3007 pracsertim
995 2933 1026 2990 in
1043 2928 1211 3012 numerali-¹
1291 2941 1300 2956 ⁸

88 3012 143 3074 bus
160 3017 262 3086 notis,
281 3036 341 3074 esse
362 3013 597 3090 corruptissimos
620 3024 649 3071 ct
673 3035 760 3090 saepe
781 3011 885 3082 docui,
910 3023 938 3072 st
965 3034 1031 3072 rnox
1050 3015 1088 3070 de
1111 3009 1224 3082 Nonio⁸

86 3097 198 3155 iterum
214 3099 300 3173 ipso,
319 3101 348 3153 et
367 3096 507 3172 deinceps
528 3093 564 3151 tie
590 3095 691 3153 Gellio
711 3093 907 3153 confirmabo.
927 3099 1015 3151 Certe
1033 3095 1083 3150 nix
1100 3090 1210 3151 seriei*

84 3177 158 3238 mile
176 3178 301 3238 uidetur
317 3177 479 3238 Carneadis
501 3173 680 3238 mentionem
696 3175 761 3233 fieri
780 3187 848 3232 ente
865 3171 986 3232 tertium
1003 3170 1133 3232 librum.

130 3269 175 3335 (c)
200 3263 276 3336 Ver.
294 3261 363 3322 lect.
381 3267 434 3342 qut
450 3266 563 3332 nescit,
580 3266 627 3320 ts.

88 3421 188 3504 sunt,
223 3439 309 3516 quse
332 3443 352 3489 a
376 3411 550 3493 Carneade
569 3412 622 3487 di·
668 3413 821 3506 Denique
835 3409 928 3484 Phili
940 3409 1111 3506 copiosam
1131 3405 1208 3504 dis-a¹

88 3516 118 3581 ci
142 3537 217 3582 non
245 3528 453 3604 potuerunt,
479 3514 622 3581 Cernes·
690 3513 877 3578 stationem
901 3525 1018 3577 contra
1042 3506 1208 3572 iustitiam

87 3606 241 3676 dismors
252 3604 398 3673 refertur
416 3605 460 3672 sb
476 3600 622 3693 Apollo·
668 3537 802 3696 iegebat
826 3603 952 3672 Seneca
972 3624 1025 3689 ep.
1048 3617 1158 3667 cvnr.

88 3695 173 3766 doro
185 3695 278 3790 apud
292 3697 467 3766 Loe'rtiurn
481 3711 535 3762 tv.
549 3712 621 3786 9.7
716 3693 770 3786 (t)
794 3691 840 3762 Er
864 3717 883 3760 o
904 3695 1026 3764 Cicero
1046 3691 1082 3756 in
1102 3715 1204 3780 prae·-

86 3791 129 3857 ed
166 3811 297 3860 annum
321 3803 481 3881 qnsrturn
505 3781 623 3877 olym·-
670 3787 808 3852 cedente
842 3717 977 3852 becuns
1021 3782 1205 3852 Carneadis

85 3882 195 3969 pisdis
221 3898 351 3962 cnxrr,
376 3875 532 3970 quesere
552 3874 622 3965 ipso
668 3872 898 3964 eloquentiam
916 3871 1139 3950 laudassent,
1164 3895 1205 3936 ex

88 3996 175 4042 enno
202 3975 245 4042 de
262 3995 335 4062 rep.
354 3964 616 4058 disputabatur.
667 3965 830 4034 sententia
853 3978 893 4035 ut
916 3965 984 4030 dixi
1003 3958 1142 4050 Polybii
1166 3977 1202 4057 et

87 4063 249 4141 Eiusdem
260 4061 490 4154 eloquentium
501 4055 622 4126 leude·
668 4056 813 4132 Rutilii:
838 4053 963 4145 quibus
976 4055 1061 4122 adde
1074 4051 1201 4119 Hiero-

89 4167 210 4226 uerant
222 4159 258 4224 in
271 4157 338 4222 suis
351 4151 499 4222 historiis
511 4143 622 4234 Poly-
666 4171 810 4240 nymnm
822 4143 910 4237 prol.
925 4147 961 4212 in
981 4139 1118 4236 Sophon
1139 4187 1149 4223 ‚
1168 4159 1203 4212 et

88 4242 166 4315 bius
186 4265 220 4316 et
238 4245 386 4316 Rutilius
405 4261 486 4312 teste
507 4225 621 4311 Gellio
667 4241 912 4310 Philostratum
925 4233 1201 4324 uitsophistM.

90 4336 622 4429 vrr.14,quornmhistoricorurn
714 4331 768 4423 (s)
793 4334 886 4398 Num
921 4327 1049 4398 Lucilii
1084 4324 1234 4394 locum·

90 4429 217 4523 scripte
228 4449 296 4506 non
306 4428 477 4524 ignorauit
488 4427 622 4502 Cicero.
666 4425 974 4567 snmitbspctantius
993 4445 1033 4494 er
1050 4420 1122 4520 ipso
1135 4421 1201 4526 ⁰³2·
