3314 5658
495 506 893 603 ‘essenis
1044 521 1046 524 ’
1216 513 1243 600 3

139 648 172 736 li
206 679 251 734 se
297 647 344 734 in
373 647 463 733 otio
505 649 747 762 delectare,
781 653 940 741 salubri
992 673 1032 740 et
1072 657 1257 772 propin-

140 822 230 912 quo
249 791 351 879 loco
375 814 451 882 (ι).
485 790 570 878 Sed
601 793 729 880 horno
763 795 973 902 demens,
1006 819 1053 881 ut
1076 799 1143 884 isti
1171 827 1254 911 pu-

139 957 230 1022 taut
247 956 326 1039 (π),
358 965 457 1020 cum
481 957 649 1057 cogeret
672 969 770 1023 eum
795 940 1013 1026 necessitas
1039 937 1185 1043 nulla,
1208 939 1253 1020 in

133 1077 197 1162 his
229 1074 355 1161 undis
387 1094 434 1165 (a)
465 1102 505 1164 et
535 1079 850 1194 tempestatibus
882 1095 929 1170 (3)
960 1078 1015 1166 ed
1047 1109 1254 1168 summam
1378 1103 1385 1120 ·

141 1237 394 1304 senectutem
428 1220 779 1326 matutinum,
813 1253 940 1339 quam
963 1223 1008 1307 in
1039 1223 1111 1308 illa
1133 1243 1255 1308 tran·-

140 1357 347 1474 quillitete
385 1381 511 1478 atque
552 1363 643 1446 otio
677 1360 975 1448 iucundissime
1007 1369 1154 1450 uiuere
1179 1385 1257 1452 rt).

143 1503 306 1588 Omitto
326 1502 642 1588 innumerabilis
666 1505 802 1610 uiros,
820 1533 1004 1622 quorum
1023 1501 1176 1624 singuli
1192 1535 1257 1590 sa-

137 1646 214 1732 luti
239 1647 339 1734 huie
365 1647 524 1732 ciuitati
541 1647 558 1762 ll
576 1646 774 1734 fuerunt:
799 1669 839 1731 et
863 1651 938 1766 qui
954 1667 1051 1734 sunt
1066 1647 1192 1734 baud
1208 1661 1254 1738 (ὅ)
1288 1663 1322 1722 P·
1344 1682 1393 1744 77·

136 1783 288 1901 procul
307 1783 359 1872 ab
377 1789 521 1872 aetatis
545 1785 668 1872 huius
685 1791 887 1875 memoria
906 1849 920 1896 ,
947 1795 1253 1876 commemorass
1288 1851 1290 1860 .

139 1959 183 2014 re
207 1959 279 2015 eos
303 1926 484 2034 desino,
509 1958 561 2014 ne
585 1930 681 2048 quis
706 1959 748 2012 se
772 1951 844 2014 aut
867 1961 1042 2016 suorum
1068 1931 1254 2048 aliquem

138 2074 481 2183 praetenuissum
522 2095 718 2190 queratur
742 2097 817 2164 (ο).
852 2069 998 2160 Unum
1030 2073 1111 2160 hoc
1144 2069 1257 2159 defi-

139 2218 248 2320 nio,
278 2235 434 2300 tantam
466 2245 552 2300 esse
583 2219 867 2302 necessitatem
899 2217 1069 2301 uirtutis
1112 2215 1258 2332 generi

139 2355 362 2445 hominum
403 2390 426 2442 a
468 2379 649 2464 natura,
682 2382 929 2478 tantumque
971 2387 1158 2442 amorem
1198 2355 1255 2462 ad

138 2531 410 2590 communem
442 2505 618 2590 sulutem
643 2503 957 2592 defendendam
982 2499 1128 2588 datum
1153 2559 1167 2611 ‚
1208 2523 1257 2588 ut

180 2713 227 2780 (a)
249 2707 295 2766 lta
314 2712 377 2770 cod.
409 2732 436 2771 n.
461 2731 569 2778 manu3
596 2725 626 2769 at
647 2733 671 2770 ι.
695 2715 822 2773 umdis.
865 2712 913 2786 (b)
935 2709 1129 2768 Desideratus
1150 2708 1181 2764 in
1204 2729 1257 2766 co-

138 2789 206 2849 dice
226 2795 310 2852 harad
326 2819 335 2864 3
361 2816 417 2874 ego
446 2815 517 2854 uero
542 2795 620 2855 hanc
645 2797 822 2874 perticulam
849 2795 979 2854 scribere
1005 2813 1063 2850 non
1093 2792 1258 2850 dubitaui.

177 2881 221 2947 (c)
242 2877 500 2958 Codqrraeratur.
515 2880 596 2938 Alibi
608 2893 709 2938 contra
719 2880 926 2958 scribiturque
936 2877 987 2936 ubi
999 2875 1163 2951 requiritur
1171 2897 1259 2953 qrrae.

137 2957 165 3014 12
183 2969 281 3018 eutem
299 2981 383 3020 error
402 2961 515 3038 duplici
536 2983 570 3020 ex
589 2983 674 3021 cause
694 2961 858 3020 manauisse
882 2962 1019 3030 uidetur,
1039 2978 1147 3036 nempe
1165 2959 1259 3020 mode

137 3072 153 3108 a
168 3059 415 3129 pronunciatione
435 3059 592 3127 dictantis,
612 3061 700 3116 modo
719 3082 734 3114 a
752 3059 836 3133 siglis
853 3058 929 3114 mele
945 3057 1050 3114 lectis:
1076 3074 1179 3129 namq
1200 3071 1259 3108 no-

137 3137 221 3198 tortis
239 3141 322 3198 mlet
338 3161 434 3218 quae,
451 3141 504 3198 sed
519 3139 668 3196 interdruu
686 3139 850 3197 alibrariis
866 3137 977 3196 tectum
992 3147 1035 3192 est
1055 3153 1128 3211 qne.

185 3310 241 3407 (r)
269 3314 321 3378 Ite
345 3312 472 3379 Seneca
492 3314 534 3378 de
560 3308 672 3378 benef.
771 3307 824 3404 (4)
848 3309 953 3380 Suam
978 3309 1036 3376 otii
1055 3307 1170 3400 sugam
1193 3305 1257 3372 cd-

140 3423 257 3474 tvae:
270 3406 482 3474 tusculanum
494 3423 556 3472 aut
567 3406 676 3472 tibur·
724 3405 905 3494 siduosque
930 3403 966 3467 in
990 3417 1161 3468 senectute
1199 3398 1258 3464 ln·-

138 3503 468 3590 enumeraturus,
486 3495 678 3564 salnbn‘ra-
723 3495 822 3564 bores
861 3495 1031 3584 praedicet
1060 3489 1128 3583 ipse
1167 3493 1257 3560 Cato

59 3647 65 3652 .
140 3593 186 3656 tis
197 3615 302 3657 causa
315 3608 351 3658 et
362 3593 490 3657 aestiur'
499 3613 650 3658 secessus
665 3639 674 3656 .
724 3587 844 3674 (haud
856 3611 934 3654 sene
953 3587 1158 3654 detrectator
1174 3580 1258 3650 lau·-

189 3677 244 3770 (α)
265 3681 321 3750 Sic
339 3679 512 3748 quenalis
531 3683 627 3749 1.16=
721 3681 805 3749 dum
835 3703 1003 3758 suerum,
1039 3696 1078 3746 ut
1118 3678 1165 3741 ait
1193 3677 1256 3748 Li-,

138 3773 320 3840 eonsilium
360 3773 521 3841 dedimus
551 3769 671 3860 Syllae
721 3767 1055 3862 uiusxxxt't‘..15·)
1080 3769 1169 3858 apud
1194 3769 1255 3836 Ci-

138 3869 300 3956 pn'uatur
317 3881 355 3934 nt
372 3866 478 3933 altum
495 3902 518 3916 -
538 3863 673 3934 dormi·
719 3887 786 3930 cer.
815 3865 857 3932 de
881 3887 949 3932 sen.
977 3878 1093 3930 xxm.
1127 3857 1254 3928 Confer

140 3973 218 4024 ret.
719 3955 807 4025 etde
820 3953 886 4046 leg.
900 3955 946 4020 ll.
963 3953 1071 4032 2.‚de
1086 3967 1169 4017 emt.
1184 3949 1251 4017 III.

185 4045 240 4140 (3)
266 4045 432 4144 Intelligit
455 4043 673 4114 inimicorum
720 4047 775 4122 atr
792 4069 855 4113 nec
873 4067 942 4112 non
955 4039 1131 4110 Plutarch.
1146 4041 1182 4106 in
1196 4043 1252 4108 ui-

140 4140 354 4230 potissimum
408 4141 671 4218 insectationesr
719 4156 751 4205 tc
772 4139 922 4208 Catonis.
951 4133 1110 4206 Ciceroni
1137 4149 1254 4208 autern

139 4255 221 4300 narn
232 4235 320 4303 Ceto
339 4251 459 4325 quster
477 4232 671 4325 etqusdrs-
718 4231 781 4324 ipsi
806 4253 936 4324 semper
967 4229 1130 4297 Catonem
1149 4221 1252 4292 fnisse

141 4323 212 4412 gies
238 4324 428 4413 postulatus
459 4347 593 4396 causam
614 4321 673 4390 ‹li-
718 4325 756 4392 in
774 4345 831 4389 ere
861 4336 992 4390 constet
1021 4342 1039 4386 e
1071 4319 1182 4409 primo
1208 4317 1251 4388 de

144 4413 214 4492 15³2
229 4437 355 4512 semper
374 4413 568 4488 absolutus.
581 4413 674 4489 Pliu.
721 4413 787 4509 leg.
802 4437 872 4506 cap.
884 4413 930 4483 11.

145 4521 218 4574 vu.
239 4531 294 4602 ²7·
529 4562 533 4572 .
612 4531 619 4562 :
690 4573 692 4582 .
880 4593 903 4640 ἡ
