3246 5664
413 503 476 619 [64
744 523 806 586 ur.
838 521 901 582 nn
933 511 1162 584 erutuet
1306 603 1311 610 ι

414 645 551 750 ceris,
581 657 630 726 ut
651 639 774 726 etiam
789 667 868 752 pro
891 633 957 720 his
981 631 1151 734 dicam,
1182 626 1218 711 si
1235 619 1290 712 de
1305 653 1351 710 re
1367 617 1511 743 pubii-

411 818 460 874 ca
476 781 584 904 quid
600 783 749 868 sentias
766 775 1011 894 explicatis,
1034 767 1159 856 nobis
1182 785 1345 886 gratum
1370 764 1517 852 omni·

411 914 523 1008 bus.
929 923 933 930 ’
1272 919 1275 926 “

472 1061 618 1150 XXII.
642 1065 757 1152 Tum
781 1055 885 1158 ille,
908 1079 996 1138 non
1019 1075 1192 1166 possum
1215 1040 1414 1162 equidem
1440 1041 1518 1130 di-

407 1231 502 1294 cere
519 1231 588 1288 me
604 1199 691 1288 nlla
708 1201 753 1284 in
768 1191 1019 1312 cogitatione
1033 1189 1166 1276 acrius
1182 1205 1254 1270 out
1270 1181 1517 1300 diligentius

406 1345 541 1432 colere
571 1343 760 1446 uersari,
784 1365 913 1457 quam
936 1335 982 1418 in
1005 1335 1080 1418 ista
1119 1330 1206 1442 ipsa
1238 1355 1345 1444 quae
1378 1325 1515 1428 mihi,

266 1521 268 1529 ⁴
407 1485 602 1591 Laeli‚a
633 1505 676 1569 te
715 1477 967 1594 proponitur
990 1535 1002 1554 .
1025 1467 1198 1554 Etenim
1230 1495 1329 1554 cum
1352 1465 1397 1551 in
1432 1479 1513 1552 su'o

410 1651 624 1744 quemque
647 1647 774 1733 opere
805 1607 1036 1716 artificem,
1059 1608 1135 1726 qui
1173 1602 1349 1724 quidem
1370 1605 1514 1692 excel-

409 1767 498 1875 lat,
520 1761 630 1864 nihil
651 1737 758 1848 aliut
781 1759 994 1877 cogitare,
1015 1747 1240 1856 meditari,
1272 1779 1417 1836 curare
1442 1750 1516 1834 ui-

411 1909 565 2014 deam,
596 1904 676 1990 nisi
699 1931 787 2024 quo
811 1901 863 1986 sit
888 1899 933 2016 in
957 1891 1035 1980 illo
1060 1892 1226 2009 geneiire
1258 1890 1408 1978 melior
1436 1914 1519 1998 (a),

410 2080 489 2168 ego
507 2076 606 2136 cum
631 2044 735 2131 mihi
758 2045 810 2130 sit
832 2067 967 2126 unum
991 2064 1097 2150 opus
1114 2031 1195 2118 hoc
1228 2063 1251 2116 a
1274 2029 1519 2147 parentibus

408 2187 724 2308 maioribusque
761 2187 866 2274 meis
904 2182 1126 2284 relictum,
1157 2181 1397 2294 procuratio
1431 2171 1519 2269 ad-

410 2363 496 2452 que
513 2327 815 2417 administratio
834 2326 894 2411 rei
909 2319 1105 2437 publicae
1121 2341 1196 2423 (¹),
1221 2349 1308 2404 non
1322 2349 1391 2406 me
1407 2322 1522 2406 inec

312 2445 319 2470 i
409 2477 562 2566 tiorem
588 2489 634 2563 (b)
659 2501 746 2556 csse
770 2461 969 2555 confitear
996 2493 1125 2581 quam
1138 2455 1342 2575 ¹opificem
1360 2493 1519 2580 quem.

411 2643 570 2732 quam,
602 2613 639 2697 si
662 2610 803 2694 minus
826 2605 869 2689 in
893 2604 1069 2687 maxima
1093 2620 1181 2684 arte
1200 2657 1214 2705 ,
1232 2629 1361 2716 qnam
1383 2599 1449 2686 illi
1473 2604 1519 2687 in

411 2753 627 2856 minimis,
661 2774 812 2863 operae
836 2741 1136 2830 oonsmnserim
1156 2763 1197 2830 (ο)
1214 2737 1302 2830 ut?
1334 2741 1405 2826 Set
1434 2773 1547 2852 neg

416 2944 465 3012 (a)
487 2935 533 2994 ita
559 2930 625 2992 eod.
649 2949 674 2988 r.
693 2945 804 2998 menn3
826 2943 856 2983 π.
874 2942 946 2980 uero
963 2919 1185 3001 superadditur·
1206 2917 1247 2978 ite
1266 2920 1354 2978 nteit
1378 2929 1516 2992 meliori,

405 3037 483 3099 quae
507 3015 598 3074 lectio
617 3031 722 3090 porum
743 3021 786 3068 eet
801 3005 984 3088 probabilis.
1017 3005 1064 3077 (b)
1086 3003 1161 3063 Cod.
1179 3025 1204 3060 ι.
1222 3021 1312 3060 mann
1329 3009 1516 3076 inridet-em

407 3127 437 3164 n.
454 3106 644 3162 inertiorem·
690 3101 734 3165 (c)
756 3089 1066 3150 codemumsertnr.
1084 3088 1147 3164 Ego
1167 3105 1238 3146 uero
1255 3085 1305 3144 uix
1322 3085 1429 3148 dubito
1449 3091 1521 3172 quin

403 3185 509 3248 Cicero
529 3175 682 3266 scripserit
695 3178 923 3241 comme-tm.

401 3363 464 3521 ptri
482 3363 518 3428 in
534 3325 674 3426 historia
703 3351 941 3421 demonstran·
986 3354 1024 3421 in
1037 3373 1166 3444 genere
1185 3344 1299 3416 laudis
1316 3349 1513 3419 excellem

430 3451 562 3519 umsibi
574 3461 760 3536 sumpserat
772 3465 840 3532 quo
852 3439 941 3531 poli.
986 3461 1023 3512 ut
1043 3443 1103 3532 .Q.
1114 3443 1248 3509 Mum-m
1270 3439 1324 3505 ·P·
1339 3441 1380 3507 F,
1400 3445 1438 3510 in
1455 3450 1518 3510 ’.η-

253 3549 259 3557 “
349 3625 352 3634 ‚
402 3543 469 3610 tiae
482 3535 936 3633 genereRomeniintantam
982 3560 1020 3603 re
1039 3532 1135 3599 ciuili
1146 3557 1157 3608 ς
1177 3532 1284 3598 Pauli
1288 3531 1391 3620 filius
1409 3532 1518 3622 Affi.

403 3634 577 3701 uenissent
591 3627 939 3714 fortumm‚qunntem
983 3647 1090 3692 canus.
1112 3628 1149 3690 in
1174 3647 1213 3691 re
1231 3625 1397 3692 militari.
1422 3625 1517 3713 Qui-

403 3745 467 3792 euo
497 3738 647 3809 tempore
677 3716 791 3805 adepti
817 3731 933 3795 erant,
984 3717 1067 3784 dam
1091 3730 1205 3782 autem
1222 3713 1273 3780 ad
1289 3739 1351 3782 eas
1368 3714 1518 3798 lauder,

403 3817 553 3892 Perseo,
577 3807 735 3888 Achaeis,
748 3807 937 3896 Poenisque
984 3829 1068 3901 quas
1084 3831 1107 3872 a
1122 3804 1517 3896 patribustaceepemnn

328 3959 333 3974 .
402 3897 722 3994 deletia.Polyb.in
740 3896 936 3988 prohoemio
983 3897 1120 3965 addunt
1148 3896 1302 3988 aliquam
1332 3921 1454 3979 suum,
1478 3917 1516 3970 ur

306 4039 310 4047 ι
402 3995 659 4076 historiae,ncc
672 3991 788 4058 nonin
802 3987 939 4055 clausu-
984 3989 1040 4057 tte
1063 3986 1157 4054 idem
1177 3986 1368 4075 Africanus
1386 4004 1454 4055 etc.

404 4086 439 4157 la
458 4111 477 4156 n
495 4111 549 4154 me
561 4085 690 4154 edenda
702 4081 783 4148 libri
795 4099 933 4154 xxm·
1028 4075 1082 4170 (a)
1106 4075 1163 4144 An
1186 4075 1255 4146 huc
1273 4079 1418 4166 respexit
1430 4081 1515 4149 Vir.

454 4176 508 4274 (t)
534 4177 608 4246 cic.
623 4177 665 4243 de
677 4171 765 4240 offil.
783 4171 937 4263 3nequo-
990 4167 1091 4262 gilius
1119 4193 1193 4235 nen.
1209 4187 1263 4236 vl.
1286 4168 1353 4254 848
1367 4177 1386 4233 ¹!
1402 4195 1518 4243 em.

406 4297 480 4343 rum
493 4292 574 4338 uero
583 4283 704 4358 patres
715 4263 777 4332 aui
790 4267 939 4331 maiores
988 4261 1074 4330 dent
1083 4261 1148 4328 atta·
1159 4275 1260 4328 etctn
1272 4285 1392 4352 regere
1403 4267 1519 4356 ἐπιρρ-

404 4361 523 4452 aliquo
538 4359 654 4452 glor-ia
669 4359 940 4450 praestiterunt,
986 4357 1041 4420 n‘o
1055 4351 1221 4446 populor,
1240 4350 1424 4432 Romane,
1443 4379 1520 4425 mo·

405 4450 589 4524 iiatudem
601 4449 802 4552 plerumque
812 4444 939 4548 eodem
984 4441 1188 4544 mento-itae
1201 4442 1271 4518 tibi
1287 4460 1520 4550 eromenes:
