<?xml version="1.0" encoding="UTF-8"?>
<!DOCTYPE html PUBLIC "-//W3C//DTD XHTML 1.0 Transitional//EN"
    "http://www.w3.org/TR/xhtml1/DTD/xhtml1-transitional.dtd">
<html xmlns="http://www.w3.org/1999/xhtml" xml:lang="en" lang="en">
 <head>
  <title>
</title>
<meta http-equiv="Content-Type" content="text/html;charset=utf-8" />
  <meta name='ocr-system' content='tesseract 3.04.00' />
  <meta name='ocr-capabilities' content='ocr_page ocr_carea ocr_par ocr_line ocrx_word'/>
</head>
<body>
  <div class='ocr_page' id='page_1' title='image "./mtulliciceronis00maigoog_0339.png"; bbox 0 0 3276 5660; ppageno 0'>
   <div class='ocr_carea' id='block_1_1' title="bbox 413 451 1534 941">
    <p class='ocr_par' dir='ltr' id='par_1_1' title="bbox 423 451 1292 568">
     <span class='ocr_line' id='line_1_1' title="bbox 423 451 1292 568; baseline 0.005 -30"><span class='ocrx_word' id='word_1_1' title='bbox 423 451 511 568; x_wconf 77' lang='lat'><strong>27&#39;0</strong></span> <span class='ocrx_word' id='word_1_2' title='bbox 654 479 716 538; x_wconf 82' lang='lat' dir='ltr'><strong>nu</strong></span> <span class='ocrx_word' id='word_1_3' title='bbox 749 477 810 540; x_wconf 82' lang='lat' dir='ltr'><strong>nn</strong></span> <span class='ocrx_word' id='word_1_4' title='bbox 844 473 1073 542; x_wconf 75' lang='lat' dir='ltr'><strong>uvnnscu</strong></span> <span class='ocrx_word' id='word_1_5' title='bbox 1108 477 1292 542; x_wconf 77' lang='lat' dir='ltr'><strong>nuum.</strong></span> 
     </span>
    </p>

    <p class='ocr_par' dir='ltr' id='par_1_2' title="bbox 413 588 1534 941">
     <span class='ocr_line' id='line_1_2' title="bbox 419 588 1534 699; baseline 0.003 -34"><span class='ocrx_word' id='word_1_6' title='bbox 419 591 569 686; x_wconf 85' lang='lat' dir='ltr'><strong>tiones,</strong></span> <span class='ocrx_word' id='word_1_7' title='bbox 593 591 727 694; x_wconf 88' lang='lat' dir='ltr'><strong>quibus</strong></span> <span class='ocrx_word' id='word_1_8' title='bbox 752 589 852 696; x_wconf 61' lang='lat' dir='ltr'><strong>opud</strong></span> <span class='ocrx_word' id='word_1_9' title='bbox 885 591 1104 670; x_wconf 62' lang='lat' dir='ltr'><strong>Ciceronem</strong></span> <span class='ocrx_word' id='word_1_10' title='bbox 1133 595 1252 670; x_wconf 84' lang='lat' dir='ltr'><strong>utitur</strong></span> <span class='ocrx_word' id='word_1_11' title='bbox 1274 593 1401 699; x_wconf 82' lang='lat' dir='ltr'>Scipio</span> <span class='ocrx_word' id='word_1_12' title='bbox 1420 595 1460 672; x_wconf 89' lang='lat' dir='ltr'><strong>in</strong></span> <span class='ocrx_word' id='word_1_13' title='bbox 1482 588 1534 668; x_wconf 85' lang='lat' dir='ltr'><strong>li-</strong></span> 
     </span>
     <span class='ocr_line' id='line_1_3' title="bbox 417 713 1530 820; baseline 0.004 -30"><span class='ocrx_word' id='word_1_14' title='bbox 417 713 494 790; x_wconf 86' lang='lat' dir='ltr'><strong>bris</strong></span> <span class='ocrx_word' id='word_1_15' title='bbox 511 713 556 792; x_wconf 86' lang='lat' dir='ltr'><strong>de</strong></span> <span class='ocrx_word' id='word_1_16' title='bbox 573 715 795 818; x_wconf 78' lang='lat' dir='ltr'><strong>republica,</strong></span> <span class='ocrx_word' id='word_1_17' title='bbox 814 739 1018 820; x_wconf 83' lang='lat' dir='ltr'><strong>numquam</strong></span> <span class='ocrx_word' id='word_1_18' title='bbox 1030 740 1109 792; x_wconf 80' lang='lat' dir='ltr'><strong>mm</strong></span> <span class='ocrx_word' id='word_1_19' title='bbox 1124 715 1318 818; x_wconf 85' lang='lat' dir='ltr'><strong>publicam</strong></span> <span class='ocrx_word' id='word_1_20' title='bbox 1333 716 1444 792; x_wconf 85' lang='lat' dir='ltr'><strong>fuisse</strong></span> <span class='ocrx_word' id='word_1_21' title='bbox 1458 743 1530 794; x_wconf 77' lang='lat' dir='ltr'><strong>ro·</strong></span> 
     </span>
     <span class='ocr_line' id='line_1_4' title="bbox 413 835 1532 941; baseline 0.004 -30"><span class='ocrx_word' id='word_1_22' title='bbox 413 861 593 913; x_wconf 83' lang='lat' dir='ltr'><strong>manum.</strong></span> <span class='ocrx_word' id='word_1_23' title='bbox 613 875 633 896; x_wconf 90' lang='lat'><strong>··</strong></span> <span class='ocrx_word' id='word_1_24' title='bbox 651 839 815 914; x_wconf 75' lang='lat' dir='ltr'><strong>Bmuitcr</strong></span> <span class='ocrx_word' id='word_1_25' title='bbox 835 837 935 912; x_wconf 87' lang='lat' dir='ltr'><strong>enim</strong></span> <span class='ocrx_word' id='word_1_26' title='bbox 963 863 1042 914; x_wconf 79' lang='lat' dir='ltr'><strong>mm</strong></span> <span class='ocrx_word' id='word_1_27' title='bbox 1070 835 1263 941; x_wconf 79' lang='lat' dir='ltr'><strong>publicum</strong></span> <span class='ocrx_word' id='word_1_28' title='bbox 1296 836 1423 913; x_wconf 80' lang='lat' dir='ltr'><strong>definit</strong></span> <span class='ocrx_word' id='word_1_29' title='bbox 1451 863 1532 916; x_wconf 79' lang='lat' dir='ltr'><strong>esse</strong></span> 
     </span>
    </p>
   </div>
   <div class='ocr_carea' id='block_1_2' title="bbox 304 955 1533 1062">
    <p class='ocr_par' dir='ltr' id='par_1_3' title="bbox 304 955 1533 1062">
     <span class='ocr_line' id='line_1_5' title="bbox 304 955 1533 1062; baseline 0 -28"><span class='ocrx_word' id='word_1_30' title='bbox 304 969 326 996; x_wconf 72' lang='lat'><strong>‘&#39;</strong></span> <span class='ocrx_word' id='word_1_31' title='bbox 418 981 497 1034; x_wconf 83' lang='lat' dir='ltr'><strong>rom</strong></span> <span class='ocrx_word' id='word_1_32' title='bbox 513 957 645 1062; x_wconf 87' lang='lat' dir='ltr'><strong>populi</strong></span> <span class='ocrx_word' id='word_1_33' title='bbox 671 975 745 1034; x_wconf 84' lang='lat' dir='ltr'><strong>eto.</strong></span> <span class='ocrx_word' id='word_1_34' title='bbox 765 955 949 1062; x_wconf 90' lang='lat' dir='ltr'><strong>populum</strong></span> <span class='ocrx_word' id='word_1_35' title='bbox 979 984 1057 1034; x_wconf 83' lang='lat' dir='ltr'><strong>esse</strong></span> <span class='ocrx_word' id='word_1_36' title='bbox 1086 973 1235 1034; x_wconf 85' lang='lat' dir='ltr'><strong>coetum</strong></span> <span class='ocrx_word' id='word_1_37' title='bbox 1255 958 1533 1058; x_wconf 82' lang='lat' dir='ltr'><strong>multitudinis,</strong></span> 
     </span>
    </p>
   </div>
   <div class='ocr_carea' id='block_1_3' title="bbox 376 1071 1631 2662">
    <p class='ocr_par' dir='ltr' id='par_1_4' title="bbox 376 1071 1631 2662">
     <span class='ocr_line' id='line_1_6' title="bbox 376 1071 1529 1160; baseline 0.007 -8"><span class='ocrx_word' id='word_1_38' title='bbox 376 1071 506 1156; x_wconf 81' lang='lat' dir='ltr'><strong>..iuris</strong></span> <span class='ocrx_word' id='word_1_39' title='bbox 535 1107 714 1158; x_wconf 85' lang='lat' dir='ltr'><strong>consensu</strong></span> <span class='ocrx_word' id='word_1_40' title='bbox 746 1097 784 1158; x_wconf 86' lang='lat' dir='ltr'><strong>ct</strong></span> <span class='ocrx_word' id='word_1_41' title='bbox 816 1079 986 1158; x_wconf 72' lang='lat' dir='ltr'><strong>utilitatis</strong></span> <span class='ocrx_word' id='word_1_42' title='bbox 1018 1081 1282 1158; x_wconf 81' lang='lat' dir='ltr'><strong>communione</strong></span> <span class='ocrx_word' id='word_1_43' title='bbox 1304 1082 1529 1160; x_wconf 81' lang='lat' dir='ltr'><strong>sociatum.</strong></span> 
     </span>
     <span class='ocr_line' id='line_1_7' title="bbox 418 1200 1529 1304; baseline 0.003 -28"><span class='ocrx_word' id='word_1_44' title='bbox 418 1200 520 1296; x_wconf 88' lang='lat' dir='ltr'><strong>Quid</strong></span> <span class='ocrx_word' id='word_1_45' title='bbox 539 1217 662 1280; x_wconf 77' lang='lat' dir='ltr'><strong>nutem</strong></span> <span class='ocrx_word' id='word_1_46' title='bbox 687 1200 895 1280; x_wconf 81' lang='lat' dir='ltr'><strong>dicationis</strong></span> <span class='ocrx_word' id='word_1_47' title='bbox 922 1228 1175 1300; x_wconf 85' lang='lat' dir='ltr'><strong>consensum,</strong></span> <span class='ocrx_word' id='word_1_48' title='bbox 1213 1201 1439 1304; x_wconf 82' lang='lat' dir='ltr'><strong>disputando</strong></span> <span class='ocrx_word' id='word_1_49' title='bbox 1458 1229 1529 1278; x_wconf 59' lang='lat' dir='ltr'><strong>exo</strong></span> 
     </span>
     <span class='ocr_line' id='line_1_8' title="bbox 418 1321 1533 1430; baseline 0.003 -31"><span class='ocrx_word' id='word_1_50' title='bbox 418 1323 555 1429; x_wconf 79' lang='lat' dir='ltr'><strong>plicut3</strong></span> <span class='ocrx_word' id='word_1_51' title='bbox 586 1355 653 1430; x_wconf 84' lang='lat' dir='ltr'><strong>per</strong></span> <span class='ocrx_word' id='word_1_52' title='bbox 670 1325 746 1403; x_wconf 88' lang='lat' dir='ltr'><strong>hoo</strong></span> <span class='ocrx_word' id='word_1_53' title='bbox 767 1321 963 1403; x_wconf 74' lang='lat' dir='ltr'><strong>ostendens</strong></span> <span class='ocrx_word' id='word_1_54' title='bbox 980 1327 1053 1428; x_wconf 81' lang='lat' dir='ltr'><strong>geri</strong></span> <span class='ocrx_word' id='word_1_55' title='bbox 1074 1328 1150 1402; x_wconf 86' lang='lat' dir='ltr'><strong>sine</strong></span> <span class='ocrx_word' id='word_1_56' title='bbox 1170 1325 1309 1402; x_wconf 82' lang='lat' dir='ltr'><strong>iustitia</strong></span> <span class='ocrx_word' id='word_1_57' title='bbox 1325 1351 1401 1402; x_wconf 90' lang='lat' dir='ltr'><strong>non</strong></span> <span class='ocrx_word' id='word_1_58' title='bbox 1419 1351 1533 1430; x_wconf 73' lang='lat' dir='ltr'><strong>posse</strong></span> 
     </span>
     <span class='ocr_line' id='line_1_9' title="bbox 418 1449 1530 1555; baseline -0.003 -29"><span class='ocrx_word' id='word_1_59' title='bbox 418 1477 497 1526; x_wconf 83' lang='lat' dir='ltr'><strong>nem</strong></span> <span class='ocrx_word' id='word_1_60' title='bbox 515 1452 730 1555; x_wconf 77' lang='lat' dir='ltr'><strong>publicum:</strong></span> <span class='ocrx_word' id='word_1_61' title='bbox 747 1449 812 1526; x_wconf 90' lang='lat' dir='ltr'><strong>ubi</strong></span> <span class='ocrx_word' id='word_1_62' title='bbox 827 1476 914 1551; x_wconf 80' lang='lat' dir='ltr'><strong>ergo</strong></span> <span class='ocrx_word' id='word_1_63' title='bbox 934 1449 1073 1526; x_wconf 84' lang='lat' dir='ltr'><strong>iustitia</strong></span> <span class='ocrx_word' id='word_1_64' title='bbox 1092 1476 1179 1526; x_wconf 84' lang='lat' dir='ltr'><strong>uera</strong></span> <span class='ocrx_word' id='word_1_65' title='bbox 1197 1475 1273 1525; x_wconf 90' lang='lat' dir='ltr'><strong>non</strong></span> <span class='ocrx_word' id='word_1_66' title='bbox 1289 1465 1366 1547; x_wconf 81' lang='lat' dir='ltr'><strong>est,</strong></span> <span class='ocrx_word' id='word_1_67' title='bbox 1383 1475 1451 1527; x_wconf 85' lang='lat' dir='ltr'><strong>nec</strong></span> <span class='ocrx_word' id='word_1_68' title='bbox 1468 1451 1530 1524; x_wconf 86' lang='lat' dir='ltr'><strong>ius</strong></span> 
     </span>
     <span class='ocr_line' id='line_1_10' title="bbox 416 1565 1529 1682; baseline -0.001 -30"><span class='ocrx_word' id='word_1_69' title='bbox 416 1593 542 1682; x_wconf 65' lang='lat' dir='ltr'><strong>potest</strong></span> <span class='ocrx_word' id='word_1_70' title='bbox 558 1565 664 1654; x_wconf 58' lang='lat' dir='ltr'><strong>esse&#39;.</strong></span> <span class='ocrx_word' id='word_1_71' title='bbox 693 1573 806 1668; x_wconf 83' lang='lat' dir='ltr'><strong>Quod</strong></span> <span class='ocrx_word' id='word_1_72' title='bbox 825 1575 926 1651; x_wconf 87' lang='lat' dir='ltr'><strong>enim</strong></span> <span class='ocrx_word' id='word_1_73' title='bbox 944 1575 1021 1650; x_wconf 75' lang='lat' dir='ltr'><strong>ium</strong></span> <span class='ocrx_word' id='word_1_74' title='bbox 1048 1577 1115 1670; x_wconf 81' lang='lat' dir='ltr'><strong>fit,</strong></span> <span class='ocrx_word' id='word_1_75' title='bbox 1142 1576 1314 1680; x_wconf 85' lang='lat' dir='ltr'><strong>proiecto</strong></span> <span class='ocrx_word' id='word_1_76' title='bbox 1342 1577 1436 1658; x_wconf 80' lang='lat' dir='ltr'><strong>iuste</strong></span> <span class='ocrx_word' id='word_1_77' title='bbox 1461 1577 1529 1653; x_wconf 81' lang='lat' dir='ltr'><strong>fit.</strong></span> 
     </span>
     <span class='ocr_line' id='line_1_11' title="bbox 417 1692 1530 1801; baseline -0.003 -27"><span class='ocrx_word' id='word_1_78' title='bbox 417 1697 531 1792; x_wconf 88' lang='lat' dir='ltr'><strong>Quod</strong></span> <span class='ocrx_word' id='word_1_79' title='bbox 560 1692 931 1794; x_wconf 63' lang='lat' dir='ltr'><strong>autonomiam,</strong></span> <span class='ocrx_word' id='word_1_80' title='bbox 969 1719 1035 1773; x_wconf 89' lang='lat' dir='ltr'><strong>nec</strong></span> <span class='ocrx_word' id='word_1_81' title='bbox 1055 1693 1132 1772; x_wconf 83' lang='lat' dir='ltr'><strong>iure</strong></span> <span class='ocrx_word' id='word_1_82' title='bbox 1158 1699 1237 1774; x_wconf 78' lang='lat' dir='ltr'><strong>fieri</strong></span> <span class='ocrx_word' id='word_1_83' title='bbox 1262 1713 1412 1801; x_wconf 79' lang='lat' dir='ltr'><strong>potest.</strong></span> <span class='ocrx_word' id='word_1_84' title='bbox 1440 1697 1530 1772; x_wconf 88' lang='lat' dir='ltr'><strong>Non</strong></span> 
     </span>
     <span class='ocr_line' id='line_1_12' title="bbox 417 1813 1530 1922; baseline -0.001 -27"><span class='ocrx_word' id='word_1_85' title='bbox 417 1817 517 1896; x_wconf 82' lang='lat' dir='ltr'><strong>enim</strong></span> <span class='ocrx_word' id='word_1_86' title='bbox 539 1821 620 1894; x_wconf 79' lang='lat' dir='ltr'><strong>iura</strong></span> <span class='ocrx_word' id='word_1_87' title='bbox 639 1815 808 1893; x_wconf 83' lang='lat' dir='ltr'><strong>&#39;dicendo</strong></span> <span class='ocrx_word' id='word_1_88' title='bbox 825 1829 910 1893; x_wconf 87' lang='lat' dir='ltr'><strong>sunt</strong></span> <span class='ocrx_word' id='word_1_89' title='bbox 927 1817 987 1892; x_wconf 86' lang='lat' dir='ltr'><strong>uel</strong></span> <span class='ocrx_word' id='word_1_90' title='bbox 1006 1813 1170 1920; x_wconf 78' lang='lat' dir='ltr'><strong>putanda</strong></span> <span class='ocrx_word' id='word_1_91' title='bbox 1188 1819 1315 1922; x_wconf 84' lang='lat' dir='ltr'><strong>iniqua</strong></span> <span class='ocrx_word' id='word_1_92' title='bbox 1331 1817 1530 1894; x_wconf 87' lang='lat' dir='ltr'><strong>hominum</strong></span> 
     </span>
     <span class='ocr_line' id='line_1_13' title="bbox 417 1935 1529 2042; baseline -0.002 -23"><span class='ocrx_word' id='word_1_93' title='bbox 417 1941 647 2019; x_wconf 66' lang='lat' dir='ltr'><strong>constitutus</strong></span> <span class='ocrx_word' id='word_1_94' title='bbox 676 1965 764 2016; x_wconf 90' lang='lat' dir='ltr'><strong>cum</strong></span> <span class='ocrx_word' id='word_1_95' title='bbox 799 1936 894 2016; x_wconf 87' lang='lat' dir='ltr'><strong>illud</strong></span> <span class='ocrx_word' id='word_1_96' title='bbox 918 1936 1032 2016; x_wconf 83' lang='lat' dir='ltr'><strong>otium</strong></span> <span class='ocrx_word' id='word_1_97' title='bbox 1062 1939 1137 2042; x_wconf 88' lang='lat' dir='ltr'><strong>ipsi</strong></span> <span class='ocrx_word' id='word_1_98' title='bbox 1170 1935 1229 2016; x_wconf 90' lang='lat' dir='ltr'><strong>ius</strong></span> <span class='ocrx_word' id='word_1_99' title='bbox 1259 1955 1337 2016; x_wconf 84' lang='lat' dir='ltr'><strong>esse</strong></span> <span class='ocrx_word' id='word_1_100' title='bbox 1368 1939 1529 2039; x_wconf 82' lang='lat' dir='ltr'><strong>dicant,</strong></span> 
     </span>
     <span class='ocr_line' id='line_1_14' title="bbox 417 2058 1532 2169; baseline -0.001 -29"><span class='ocrx_word' id='word_1_101' title='bbox 417 2063 521 2166; x_wconf 84' lang='lat' dir='ltr'><strong>quod</strong></span> <span class='ocrx_word' id='word_1_102' title='bbox 538 2063 585 2136; x_wconf 83' lang='lat' dir='ltr'><strong>de</strong></span> <span class='ocrx_word' id='word_1_103' title='bbox 611 2061 771 2138; x_wconf 79' lang='lat' dir='ltr'><strong>iustitiae</strong></span> <span class='ocrx_word' id='word_1_104' title='bbox 800 2061 901 2137; x_wconf 80' lang='lat' dir='ltr'><strong>fonte</strong></span> <span class='ocrx_word' id='word_1_105' title='bbox 928 2061 1160 2158; x_wconf 65' lang='lat' dir='ltr'><strong>manaueritg</strong></span> <span class='ocrx_word' id='word_1_106' title='bbox 1189 2058 1396 2169; x_wconf 82' lang='lat' dir='ltr'><strong>salsumque</strong></span> <span class='ocrx_word' id='word_1_107' title='bbox 1424 2089 1532 2163; x_wconf 69' lang='lat' dir='ltr'><strong>csse,-</strong></span> 
     </span>
     <span class='ocr_line' id='line_1_15' title="bbox 416 2179 1527 2290; baseline 0.003 -29"><span class='ocrx_word' id='word_1_108' title='bbox 416 2183 521 2290; x_wconf 82' lang='lat' dir='ltr'><strong>quod</strong></span> <span class='ocrx_word' id='word_1_109' title='bbox 541 2213 562 2260; x_wconf 87' lang='lat' dir='ltr'>a</span> <span class='ocrx_word' id='word_1_110' title='bbox 587 2179 811 2288; x_wconf 83' lang='lat' dir='ltr'><strong>quibusdam</strong></span> <span class='ocrx_word' id='word_1_111' title='bbox 829 2209 904 2260; x_wconf 89' lang='lat' dir='ltr'><strong>non</strong></span> <span class='ocrx_word' id='word_1_112' title='bbox 922 2197 1022 2262; x_wconf 73' lang='lat' dir='ltr'><strong>recto</strong></span> <span class='ocrx_word' id='word_1_113' title='bbox 1042 2182 1278 2264; x_wconf 78' lang='lat' dir='ltr'><strong>sentientibus</strong></span> <span class='ocrx_word' id='word_1_114' title='bbox 1305 2187 1383 2264; x_wconf 90' lang='lat' dir='ltr'><strong>dici</strong></span> <span class='ocrx_word' id='word_1_115' title='bbox 1406 2185 1527 2284; x_wconf 82' lang='lat' dir='ltr'><strong>solet,</strong></span> 
     </span>
     <span class='ocr_line' id='line_1_16' title="bbox 417 2303 1631 2424; baseline 0.002 -40"><span class='ocrx_word' id='word_1_116' title='bbox 417 2307 554 2386; x_wconf 71' lang='lat' dir='ltr'><strong>idcsse</strong></span> <span class='ocrx_word' id='word_1_117' title='bbox 570 2309 627 2384; x_wconf 89' lang='lat' dir='ltr'><strong>ius</strong></span> <span class='ocrx_word' id='word_1_118' title='bbox 647 2307 751 2412; x_wconf 89' lang='lat' dir='ltr'><strong>quod</strong></span> <span class='ocrx_word' id='word_1_119' title='bbox 768 2303 802 2384; x_wconf 91' lang='lat' dir='ltr'><strong>ei</strong></span> <span class='ocrx_word' id='word_1_120' title='bbox 818 2311 883 2413; x_wconf 89' lang='lat' dir='ltr'><strong>qui</strong></span> <span class='ocrx_word' id='word_1_121' title='bbox 899 2306 984 2412; x_wconf 89' lang='lat' dir='ltr'><strong>plus</strong></span> <span class='ocrx_word' id='word_1_122' title='bbox 1003 2323 1128 2412; x_wconf 70' lang='lat' dir='ltr'><strong>potest</strong></span> <span class='ocrx_word' id='word_1_123' title='bbox 1141 2307 1230 2386; x_wconf 87' lang='lat' dir='ltr'><strong>utile</strong></span> <span class='ocrx_word' id='word_1_124' title='bbox 1246 2324 1303 2388; x_wconf 77' lang='lat' dir='ltr'><strong>est</strong></span> <span class='ocrx_word' id='word_1_125' title='bbox 1317 2309 1373 2414; x_wconf 89' lang='lat'><strong>(1)</strong></span> <span class='ocrx_word' id='word_1_126' title='bbox 1390 2365 1399 2384; x_wconf 91' lang='lat'><strong>.</strong></span> <span class='ocrx_word' id='word_1_127' title='bbox 1418 2312 1527 2404; x_wconf 74' lang='lat' dir='ltr'><strong>Quo·</strong></span> <span class='ocrx_word' id='word_1_128' title='bbox 1630 2405 1631 2424; x_wconf 12' lang='grc' dir='ltr'>ἵ</span> 
     </span>
     <span class='ocr_line' id='line_1_17' title="bbox 417 2425 1631 2530; baseline -0.001 -17"><span class='ocrx_word' id='word_1_129' title='bbox 417 2437 538 2530; x_wconf 80' lang='lat' dir='ltr'><strong>circu,</strong></span> <span class='ocrx_word' id='word_1_130' title='bbox 558 2432 623 2510; x_wconf 85' lang='lat' dir='ltr'><strong>uhi</strong></span> <span class='ocrx_word' id='word_1_131' title='bbox 643 2443 792 2509; x_wconf 83' lang='lat' dir='ltr'><strong>nonest</strong></span> <span class='ocrx_word' id='word_1_132' title='bbox 809 2433 1072 2530; x_wconf 75' lang='lat' dir='ltr'><strong>uerainsutia,</strong></span> <span class='ocrx_word' id='word_1_133' title='bbox 1093 2431 1183 2510; x_wconf 84' lang='lat' dir='ltr'><strong>imis</strong></span> <span class='ocrx_word' id='word_1_134' title='bbox 1200 2457 1382 2514; x_wconf 82' lang='lat' dir='ltr'><strong>consensu</strong></span> <span class='ocrx_word' id='word_1_135' title='bbox 1401 2438 1529 2514; x_wconf 81' lang='lat' dir='ltr'><strong>socin-</strong></span> <span class='ocrx_word' id='word_1_136' title='bbox 1630 2425 1631 2484; x_wconf 40' lang='grc' dir='ltr'><em>Ὗ</em></span> 
     </span>
     <span class='ocr_line' id='line_1_18' title="bbox 416 2551 1526 2662; baseline 0.002 -28"><span class='ocrx_word' id='word_1_137' title='bbox 416 2575 477 2634; x_wconf 84' lang='lat' dir='ltr'><strong>tus</strong></span> <span class='ocrx_word' id='word_1_138' title='bbox 495 2567 622 2633; x_wconf 80' lang='lat' dir='ltr'><strong>coetus</strong></span> <span class='ocrx_word' id='word_1_139' title='bbox 640 2551 837 2630; x_wconf 90' lang='lat' dir='ltr'><strong>hominum</strong></span> <span class='ocrx_word' id='word_1_140' title='bbox 857 2579 931 2632; x_wconf 91' lang='lat' dir='ltr'><strong>non</strong></span> <span class='ocrx_word' id='word_1_141' title='bbox 948 2565 1075 2659; x_wconf 80' lang='lat' dir='ltr'><strong>potest</strong></span> <span class='ocrx_word' id='word_1_142' title='bbox 1092 2581 1169 2634; x_wconf 83' lang='lat' dir='ltr'><strong>esse</strong></span> <span class='ocrx_word' id='word_1_143' title='bbox 1184 2585 1196 2652; x_wconf 67' lang='grc' dir='ltr'><strong>ς</strong></span> <span class='ocrx_word' id='word_1_144' title='bbox 1213 2571 1252 2634; x_wconf 86' lang='lat' dir='ltr'><strong>et</strong></span> <span class='ocrx_word' id='word_1_145' title='bbox 1266 2555 1351 2634; x_wconf 86' lang='lat' dir='ltr'><strong>ideo</strong></span> <span class='ocrx_word' id='word_1_146' title='bbox 1365 2583 1432 2636; x_wconf 83' lang='lat' dir='ltr'><strong>nec</strong></span> <span class='ocrx_word' id='word_1_147' title='bbox 1448 2585 1526 2662; x_wconf 87' lang='lat' dir='ltr'><strong>po·</strong></span> 
     </span>
    </p>
   </div>
   <div class='ocr_carea' id='block_1_4' title="bbox 166 2661 1528 2783">
    <p class='ocr_par' dir='ltr' id='par_1_5' title="bbox 166 2661 1528 2783">
     <span class='ocr_line' id='line_1_19' title="bbox 166 2661 1528 2783; baseline -0.008 -18"><span class='ocrx_word' id='word_1_148' title='bbox 166 2661 170 2668; x_wconf 23' lang='grc' dir='ltr'>ι</span> <span class='ocrx_word' id='word_1_149' title='bbox 279 2707 283 2715; x_wconf 91' lang='grc'><strong><em>·</em></strong></span> <span class='ocrx_word' id='word_1_150' title='bbox 416 2677 557 2783; x_wconf 83' lang='lat' dir='ltr'><strong>polus,</strong></span> <span class='ocrx_word' id='word_1_151' title='bbox 588 2676 692 2753; x_wconf 77' lang='lat' dir='ltr'><strong>iuxta</strong></span> <span class='ocrx_word' id='word_1_152' title='bbox 711 2671 816 2750; x_wconf 85' lang='lat' dir='ltr'><strong>illam</strong></span> <span class='ocrx_word' id='word_1_153' title='bbox 837 2673 1023 2778; x_wconf 75' lang='lat' dir='ltr'><strong>Scipionis</strong></span> <span class='ocrx_word' id='word_1_154' title='bbox 1039 2673 1100 2754; x_wconf 84' lang='lat' dir='ltr'><strong>uel</strong></span> <span class='ocrx_word' id='word_1_155' title='bbox 1120 2677 1311 2756; x_wconf 82' lang='lat' dir='ltr'><strong>Ciceronis</strong></span> <span class='ocrx_word' id='word_1_156' title='bbox 1337 2677 1528 2755; x_wconf 77' lang='lat' dir='ltr'><strong>delinitio·</strong></span> 
     </span>
    </p>
   </div>
   <div class='ocr_carea' id='block_1_5' title="bbox 414 2797 1630 3754">
    <p class='ocr_par' dir='ltr' id='par_1_6' title="bbox 414 2797 1630 3754">
     <span class='ocr_line' id='line_1_20' title="bbox 415 2797 1630 2907; baseline -0.002 -27"><span class='ocrx_word' id='word_1_157' title='bbox 415 2831 529 2880; x_wconf 79' lang='lat' dir='ltr'><strong>nem:</strong></span> <span class='ocrx_word' id='word_1_158' title='bbox 555 2817 593 2878; x_wconf 84' lang='lat' dir='ltr'><strong>et</strong></span> <span class='ocrx_word' id='word_1_159' title='bbox 617 2802 649 2877; x_wconf 89' lang='lat' dir='ltr'><strong>si</strong></span> <span class='ocrx_word' id='word_1_160' title='bbox 668 2825 744 2876; x_wconf 93' lang='lat' dir='ltr'><strong>non</strong></span> <span class='ocrx_word' id='word_1_161' title='bbox 763 2797 952 2902; x_wconf 81' lang='lat' dir='ltr'><strong>populus,</strong></span> <span class='ocrx_word' id='word_1_162' title='bbox 985 2821 1054 2876; x_wconf 83' lang='lat' dir='ltr'><strong>neo</strong></span> <span class='ocrx_word' id='word_1_163' title='bbox 1078 2827 1134 2878; x_wconf 80' lang='lat' dir='ltr'><strong>res</strong></span> <span class='ocrx_word' id='word_1_164' title='bbox 1147 2799 1301 2906; x_wconf 75' lang='lat' dir='ltr'><strong>populi3</strong></span> <span class='ocrx_word' id='word_1_165' title='bbox 1336 2799 1401 2879; x_wconf 81' lang='lat' dir='ltr'><strong>scd</strong></span> <span class='ocrx_word' id='word_1_166' title='bbox 1430 2831 1527 2907; x_wconf 80' lang='lat' dir='ltr'><strong>quo·</strong></span> <span class='ocrx_word' id='word_1_167' title='bbox 1629 2837 1630 2846; x_wconf 47' lang='lat'>¹</span> 
     </span>
     <span class='ocr_line' id='line_1_21' title="bbox 415 2920 1529 3030; baseline 0 -30"><span class='ocrx_word' id='word_1_168' title='bbox 415 2927 623 3030; x_wconf 79' lang='lat' dir='ltr'><strong>liscumque</strong></span> <span class='ocrx_word' id='word_1_169' title='bbox 650 2920 938 3020; x_wconf 79' lang='lat' dir='ltr'><strong>multitudinis,</strong></span> <span class='ocrx_word' id='word_1_170' title='bbox 971 2949 1065 3027; x_wconf 80' lang='lat' dir='ltr'><strong>quoe</strong></span> <span class='ocrx_word' id='word_1_171' title='bbox 1084 2921 1218 3026; x_wconf 86' lang='lat' dir='ltr'><strong>populi</strong></span> <span class='ocrx_word' id='word_1_172' title='bbox 1245 2924 1395 3002; x_wconf 78' lang='lat' dir='ltr'><strong>nomine</strong></span> <span class='ocrx_word' id='word_1_173' title='bbox 1417 2925 1529 3026; x_wconf 77' lang='lat' dir='ltr'><strong>dignu</strong></span> 
     </span>
     <span class='ocr_line' id='line_1_22' title="bbox 416 3037 1630 3152; baseline 0.001 -28"><span class='ocrx_word' id='word_1_174' title='bbox 416 3063 584 3142; x_wconf 80' lang='lat' dir='ltr'><strong>nonest.</strong></span> <span class='ocrx_word' id='word_1_175' title='bbox 602 3048 660 3124; x_wconf 81' lang='lat' dir='ltr'><strong>Ac</strong></span> <span class='ocrx_word' id='word_1_176' title='bbox 680 3071 747 3148; x_wconf 86' lang='lat' dir='ltr'><strong>per</strong></span> <span class='ocrx_word' id='word_1_177' title='bbox 763 3039 859 3140; x_wconf 84' lang='lat' dir='ltr'><strong>hoc,</strong></span> <span class='ocrx_word' id='word_1_178' title='bbox 879 3040 910 3118; x_wconf 93' lang='lat' dir='ltr'><strong>si</strong></span> <span class='ocrx_word' id='word_1_179' title='bbox 927 3069 983 3120; x_wconf 76' lang='lat' dir='ltr'><strong>ms</strong></span> <span class='ocrx_word' id='word_1_180' title='bbox 1002 3045 1154 3149; x_wconf 81' lang='lat' dir='ltr'><strong>publicu</strong></span> <span class='ocrx_word' id='word_1_181' title='bbox 1171 3071 1227 3123; x_wconf 79' lang='lat' dir='ltr'><strong>res</strong></span> <span class='ocrx_word' id='word_1_182' title='bbox 1243 3045 1375 3152; x_wconf 86' lang='lat' dir='ltr'><strong>populi</strong></span> <span class='ocrx_word' id='word_1_183' title='bbox 1389 3063 1471 3144; x_wconf 81' lang='lat' dir='ltr'><strong>est,</strong></span> <span class='ocrx_word' id='word_1_184' title='bbox 1490 3059 1530 3125; x_wconf 82' lang='lat' dir='ltr'><strong>ct</strong></span> <span class='ocrx_word' id='word_1_185' title='bbox 1629 3037 1630 3046; x_wconf 9' lang='grc' dir='ltr'>ἵ</span> 
     </span>
     <span class='ocr_line' id='line_1_23' title="bbox 415 3163 1526 3274; baseline 0.002 -30"><span class='ocrx_word' id='word_1_186' title='bbox 415 3166 579 3274; x_wconf 86' lang='lat' dir='ltr'><strong>populus</strong></span> <span class='ocrx_word' id='word_1_187' title='bbox 595 3192 672 3244; x_wconf 90' lang='lat' dir='ltr'><strong>non</strong></span> <span class='ocrx_word' id='word_1_188' title='bbox 685 3173 741 3242; x_wconf 83' lang='lat' dir='ltr'><strong>est</strong></span> <span class='ocrx_word' id='word_1_189' title='bbox 759 3163 830 3268; x_wconf 86' lang='lat' dir='ltr'><strong>qui·</strong></span> <span class='ocrx_word' id='word_1_190' title='bbox 843 3187 1022 3242; x_wconf 83' lang='lat' dir='ltr'><strong>consensu</strong></span> <span class='ocrx_word' id='word_1_191' title='bbox 1038 3187 1114 3244; x_wconf 88' lang='lat' dir='ltr'><strong>non</strong></span> <span class='ocrx_word' id='word_1_192' title='bbox 1137 3165 1300 3245; x_wconf 77' lang='lat' dir='ltr'><strong>sociatus</strong></span> <span class='ocrx_word' id='word_1_193' title='bbox 1328 3185 1386 3246; x_wconf 83' lang='lat' dir='ltr'><strong>est</strong></span> <span class='ocrx_word' id='word_1_194' title='bbox 1407 3171 1526 3266; x_wconf 84' lang='lat' dir='ltr'><strong>iuris,</strong></span> 
     </span>
     <span class='ocr_line' id='line_1_24' title="bbox 414 3282 1526 3395; baseline 0.001 -31"><span class='ocrx_word' id='word_1_195' title='bbox 414 3305 563 3367; x_wconf 82' lang='lat' dir='ltr'><strong>nonest</strong></span> <span class='ocrx_word' id='word_1_196' title='bbox 582 3303 705 3366; x_wconf 79' lang='lat' dir='ltr'><strong>autem</strong></span> <span class='ocrx_word' id='word_1_197' title='bbox 723 3283 781 3362; x_wconf 90' lang='lat' dir='ltr'><strong>ius</strong></span> <span class='ocrx_word' id='word_1_198' title='bbox 797 3283 862 3362; x_wconf 84' lang='lat' dir='ltr'><strong>ubi</strong></span> <span class='ocrx_word' id='word_1_199' title='bbox 880 3282 980 3362; x_wconf 86' lang='lat' dir='ltr'><strong>nulia</strong></span> <span class='ocrx_word' id='word_1_200' title='bbox 995 3285 1134 3364; x_wconf 81' lang='lat' dir='ltr'><strong>iustitia</strong></span> <span class='ocrx_word' id='word_1_201' title='bbox 1149 3303 1230 3388; x_wconf 82' lang='lat' dir='ltr'><strong>est;</strong></span> <span class='ocrx_word' id='word_1_202' title='bbox 1258 3289 1392 3395; x_wconf 84' lang='lat' dir='ltr'><strong>procul</strong></span> <span class='ocrx_word' id='word_1_203' title='bbox 1410 3291 1526 3366; x_wconf 88' lang='lat' dir='ltr'><strong>dubio</strong></span> 
     </span>
     <span class='ocr_line' id='line_1_25' title="bbox 414 3405 1526 3516; baseline 0.001 -30"><span class='ocrx_word' id='word_1_204' title='bbox 414 3411 603 3513; x_wconf 82' lang='lat' dir='ltr'><strong>colligitur</strong></span> <span class='ocrx_word' id='word_1_205' title='bbox 620 3467 634 3507; x_wconf 79' lang='lat'>‚</span> <span class='ocrx_word' id='word_1_206' title='bbox 667 3408 733 3484; x_wconf 87' lang='lat' dir='ltr'><strong>ubi</strong></span> <span class='ocrx_word' id='word_1_207' title='bbox 750 3405 890 3484; x_wconf 81' lang='lat' dir='ltr'><strong>iustitia</strong></span> <span class='ocrx_word' id='word_1_208' title='bbox 902 3431 978 3484; x_wconf 89' lang='lat' dir='ltr'><strong>non</strong></span> <span class='ocrx_word' id='word_1_209' title='bbox 995 3421 1076 3508; x_wconf 84' lang='lat' dir='ltr'><strong>est,</strong></span> <span class='ocrx_word' id='word_1_210' title='bbox 1114 3437 1190 3488; x_wconf 90' lang='lat' dir='ltr'><strong>non</strong></span> <span class='ocrx_word' id='word_1_211' title='bbox 1205 3439 1283 3492; x_wconf 81' lang='lat' dir='ltr'><strong>esso</strong></span> <span class='ocrx_word' id='word_1_212' title='bbox 1299 3439 1379 3492; x_wconf 83' lang='lat' dir='ltr'><strong>nem</strong></span> <span class='ocrx_word' id='word_1_213' title='bbox 1394 3411 1526 3516; x_wconf 88' lang='lat' dir='ltr'><strong>publi-</strong></span> 
     </span>
     <span class='ocr_line' id='line_1_26' title="bbox 414 3527 1527 3640; baseline 0.004 -34"><span class='ocrx_word' id='word_1_214' title='bbox 414 3557 500 3606; x_wconf 85' lang='lat' dir='ltr'><strong>cam</strong></span> <span class='ocrx_word' id='word_1_215' title='bbox 516 3529 535 3606; x_wconf 86' lang='lat'><strong>.&#39;</strong></span> <span class='ocrx_word' id='word_1_216' title='bbox 555 3527 699 3606; x_wconf 81' lang='lat' dir='ltr'><strong>Iustitia</strong></span> <span class='ocrx_word' id='word_1_217' title='bbox 717 3553 834 3632; x_wconf 71' lang='lat' dir='ltr'><strong>porro</strong></span> <span class='ocrx_word' id='word_1_218' title='bbox 869 3554 911 3602; x_wconf 83' lang='lat' dir='ltr'><strong>co</strong></span> <span class='ocrx_word' id='word_1_219' title='bbox 938 3529 1061 3628; x_wconf 80' lang='lat' dir='ltr'><strong>¹uirtus</strong></span> <span class='ocrx_word' id='word_1_220' title='bbox 1080 3545 1161 3632; x_wconf 86' lang='lat' dir='ltr'><strong>est,</strong></span> <span class='ocrx_word' id='word_1_221' title='bbox 1198 3559 1291 3638; x_wconf 83' lang='lat' dir='ltr'><strong>quae</strong></span> <span class='ocrx_word' id='word_1_222' title='bbox 1307 3561 1376 3613; x_wconf 84' lang='lat' dir='ltr'><strong>suu</strong></span> <span class='ocrx_word' id='word_1_223' title='bbox 1392 3537 1527 3640; x_wconf 76' lang='lat' dir='ltr'><strong>cuique</strong></span> 
     </span>
     <span class='ocr_line' id='line_1_27' title="bbox 414 3641 1231 3754; baseline 0.005 -28"><span class='ocrx_word' id='word_1_224' title='bbox 414 3641 627 3730; x_wconf 81' lang='lat' dir='ltr'><strong>ilistribuit.</strong></span> <span class='ocrx_word' id='word_1_225' title='bbox 661 3645 900 3754; x_wconf 76' lang='lat' dir='ltr'><strong>Augustinus</strong></span> <span class='ocrx_word' id='word_1_226' title='bbox 923 3649 966 3728; x_wconf 82' lang='lat' dir='ltr'><strong>C.</strong></span> <span class='ocrx_word' id='word_1_227' title='bbox 984 3655 1039 3730; x_wconf 83' lang='lat' dir='ltr'><strong>D·</strong></span> <span class='ocrx_word' id='word_1_228' title='bbox 1057 3681 1149 3736; x_wconf 74' lang='lat' dir='ltr'><strong>stt·</strong></span> <span class='ocrx_word' id='word_1_229' title='bbox 1167 3683 1231 3734; x_wconf 67' lang='grc' dir='ltr'><strong>αι.</strong></span> 
     </span>
    </p>
   </div>
   <div class='ocr_carea' id='block_1_6' title="bbox 414 3845 1524 4137">
    <p class='ocr_par' dir='ltr' id='par_1_7' title="bbox 414 3845 1524 4137">
     <span class='ocr_line' id='line_1_28' title="bbox 460 3845 1523 3957; baseline 0.011 -37"><span class='ocrx_word' id='word_1_230' title='bbox 460 3849 515 3947; x_wconf 81' lang='grc' dir='ltr'><strong>(ι)</strong></span> <span class='ocrx_word' id='word_1_231' title='bbox 539 3851 596 3924; x_wconf 87' lang='lat' dir='ltr'><strong>Sic</strong></span> <span class='ocrx_word' id='word_1_232' title='bbox 637 3849 729 3939; x_wconf 73' lang='lat' dir='ltr'><strong>apud</strong></span> <span class='ocrx_word' id='word_1_233' title='bbox 769 3845 947 3922; x_wconf 82' lang='lat' dir='ltr'><strong>Platonem</strong></span> <span class='ocrx_word' id='word_1_234' title='bbox 993 3876 1081 3932; x_wconf 67' lang='lat' dir='ltr'><strong>coice</strong></span> <span class='ocrx_word' id='word_1_235' title='bbox 1097 3852 1277 3951; x_wconf 66' lang='grc' dir='ltr'><strong><em>ξυμοῖρον.</em></strong></span> <span class='ocrx_word' id='word_1_236' title='bbox 1308 3861 1366 3932; x_wconf 85' lang='lat' dir='ltr'><strong>Sic</strong></span> <span class='ocrx_word' id='word_1_237' title='bbox 1383 3883 1523 3957; x_wconf 81' lang='lat' dir='ltr'><strong>quoqne</strong></span> 
     </span>
     <span class='ocr_line' id='line_1_29' title="bbox 415 3945 1524 4036; baseline 0.009 -22"><span class='ocrx_word' id='word_1_238' title='bbox 415 3946 502 4036; x_wconf 78' lang='lat' dir='ltr'><strong>reip.</strong></span> <span class='ocrx_word' id='word_1_239' title='bbox 522 3947 550 4013; x_wconf 88' lang='lat' dir='ltr'><strong>l.</strong></span> <span class='ocrx_word' id='word_1_240' title='bbox 576 3969 609 4036; x_wconf 82' lang='lat' dir='ltr'><strong>p.</strong></span> <span class='ocrx_word' id='word_1_241' title='bbox 632 3945 699 4014; x_wconf 76' lang='lat'><strong>338</strong></span> <span class='ocrx_word' id='word_1_242' title='bbox 730 3945 892 4012; x_wconf 83' lang='lat' dir='ltr'><strong>definitur</strong></span> <span class='ocrx_word' id='word_1_243' title='bbox 926 3969 945 4010; x_wconf 76' lang='lat' dir='ltr'>a</span> <span class='ocrx_word' id='word_1_244' title='bbox 993 3950 1114 4017; x_wconf 78' lang='lat' dir='ltr'><strong>Cicero</strong></span> <span class='ocrx_word' id='word_1_245' title='bbox 1133 3973 1191 4021; x_wconf 82' lang='lat' dir='ltr'><strong>ore</strong></span> <span class='ocrx_word' id='word_1_246' title='bbox 1210 3951 1303 4024; x_wconf 86' lang='lat' dir='ltr'><strong>Phili</strong></span> <span class='ocrx_word' id='word_1_247' title='bbox 1323 3957 1443 4028; x_wconf 82' lang='lat' dir='ltr'><strong>dixisse</strong></span> <span class='ocrx_word' id='word_1_248' title='bbox 1462 3959 1524 4026; x_wconf 59' lang='lat' dir='ltr'><strong>ui*</strong></span> 
     </span>
     <span class='ocr_line' id='line_1_30' title="bbox 414 4031 1117 4137; baseline 0.007 -31"><span class='ocrx_word' id='word_1_249' title='bbox 414 4038 563 4137; x_wconf 68' lang='lat' dir='ltr'><strong>quodum</strong></span> <span class='ocrx_word' id='word_1_250' title='bbox 578 4037 706 4106; x_wconf 72' lang='lat' dir='ltr'><strong>iustitis</strong></span> <span class='ocrx_word' id='word_1_251' title='bbox 720 4031 764 4104; x_wconf 71' lang='grc' dir='ltr'><strong><em>τέ</em></strong></span> <span class='ocrx_word' id='word_1_252' title='bbox 773 4033 834 4104; x_wconf 77' lang='grc' dir='ltr'><strong>τοῦ</strong></span> <span class='ocrx_word' id='word_1_253' title='bbox 842 4032 949 4130; x_wconf 71' lang='grc' dir='ltr'><strong>κμὶτ-</strong></span> <span class='ocrx_word' id='word_1_254' title='bbox 993 4040 1117 4112; x_wconf 82' lang='lat' dir='ltr'><strong>detur.</strong></span> 
     </span>
    </p>
   </div>
   <div class='ocr_carea' id='block_1_7' title="bbox 0 0 1642 5660">
    <p class='ocr_par' dir='ltr' id='par_1_8' title="bbox 0 0 1642 5660">
     <span class='ocr_line' id='line_1_31' title="bbox 0 0 1642 5660; baseline 0 1"><span class='ocrx_word' id='word_1_255' title='bbox 0 0 1642 5660; x_wconf 95' lang='lat' dir='ltr'><strong> </strong></span> 
     </span>
    </p>
   </div>
  </div>
 </body>
</html>
