3286 5658
1122 499 1219 587 331

181 644 304 723 Fanni
328 624 359 744 3
382 625 490 718 cause
521 616 683 734 difficilis
723 639 872 720 laudare
911 667 1101 745 puerume
1145 666 1220 717 non
1256 701 1261 710 .

103 770 204 844 enim
222 793 283 842 res
298 763 476 838 laudanda
498 764 562 838 sed
580 789 662 864 spos
678 777 759 840 est.
787 762 947 842 Seruios
975 763 1028 838 od
1053 786 1220 841 aen-71.

111 899 244 992 877.e
281 890 482 966 Ciceronis
506 891 656 990 dialogo
683 895 755 962 (a),
1224 901 1228 907 '

118 1075 125 1142 ’,
154 1071 202 1151 (α’)
216 1065 316 1133 'nunc
337 1069 435 1132 locum
457 1071 572 1150 citant,
598 1089 718 1154 praeter
742 1075 896 1144 Seruium,
923 1072 1011 1134 etiam
1027 1072 1223 1150 Hieronymus

108 1183 178 1239 epp.
194 1177 337 1218 cxxvur.
351 1179 443 1226 cxxx,
455 1168 486 1214 et
503 1155 704 1229 Quintilianus
716 1159 784 1216 inst.
798 1181 840 1216 rx.
851 1159 878 1218 3.
889 1157 917 1217 il.
928 1159 998 1234 3192
1018 1158 1072 1216 sed
1089 1155 1141 1214 ille
1158 1152 1237 1232 qui-Q

109 1247 179 1303 dem
196 1241 297 1299 libere
315 1281 325 1306 ,
349 1239 400 1296 hic
418 1251 515 1308 autem
531 1260 670 1317 peruerse
688 1255 717 1300 et
734 1239 854 1300 breuius
873 1283 883 1308 ,
905 1261 965 1301 non
980 1246 1058 1299 enim
1075 1249 1136 1298 lom
1153 1257 1223 1315 spes

107 1325 379 1399 laudacianorum
396 1343 444 1379 res
461 1333 523 1380 esl-
546 1327 656 1382 Lonum
674 1345 743 1382 uero
760 1322 910 1400 pertinere
929 1324 967 1379 ud
984 1323 1078 1380 libros
1096 1322 1136 1378 de
1155 1341 1220 1399 rep.

109 1410 160 1488 qui
179 1404 255 1471 κατ’
267 1403 388 1488 ἐξοχὴ
404 1405 522 1481 dialogi
529 1403 694 1476 dicuntur,
711 1404 912 1483 probabiliter
922 1406 1106 1463 demonstrat
1116 1405 1223 1466 Schot-

108 1509 158 1555 tus
175 1491 435 1562 nod.0ic.111.5·,
456 1495 698 1574 consentiuntque
715 1493 882 1557 Vallnrsius
901 1497 940 1556 ad
957 1499 1172 1574 Hieronymum
1191 1507 1239 1574 et·

108 1583 300 1645 Burmannus
319 1575 359 1634 'ud
378 1575 611 1650 Quintilianum.
635 1577 723 1651 Quod
748 1593 844 1638 sutem
868 1579 1007 1642 schottus
1032 1579 1123 1639 uerba
1149 1577 1225 1636 haec

109 1662 299 1742 pertinuisse
314 1672 399 1737 putet
418 1660 457 1717 ad
474 1677 539 1716 enm
557 1661 653 1738 operis
670 1671 785 1740 partem
806 1663 837 1721 in
864 1685 922 1741 qne
939 1664 977 1721 de
994 1662 1170 1720 educatione
1189 1679 1226 1716 e-

111 1759 197 1808 etum
212 1745 292 1810 fuit,
321 1741 354 1798 id
372 1741 445 1799 mihi
464 1761 546 1800 secus
563 1746 713 1810 uidetur,
734 1747 910 1820 praesertim
927 1746 995 1822 quia
1013 1745 1072 1802 diei
1102 1741 1227 1802 secundi

112 1829 241 1904 dialogo
259 1825 390 1884 Fannius
402 1845 466 1881 ¹non
483 1824 636 1886 interluit.
652 1829 745 1885 Meum
764 1828 857 1903 igitur
874 1825 946 1886 mihi
964 1823 1054 1885 liceat
1072 1827 1227 1884 coniectu-

111 1924 179 1970 ram
197 1927 373 1987 exponere.
396 1908 548 1968 Videntur
567 1907 638 1967 mihi
658 1910 749 1967 uerba
768 1909 842 1968 haec
867 1911 1027 1970 Scaeuolae
1050 1907 1227 1988 colloquen-

113 1995 151 2054 tis
172 2011 242 2053 cum
260 1987 373 2048 Fannio
392 1989 598 2068 laudantisque
615 1991 746 2050 indolem
755 1991 854 2053 Crassi
864 2035 874 2064 ,
885 1992 935 2071 qui
952 1991 1009 2050 luit
1027 1991 1119 2070 ipsius
1137 1989 1230 2050 Sene-

116 2079 207 2136 uolae
227 2095 322 2152 gener
331 2082 344 2147 (
353 2073 458 2132 Cicde
469 2075 568 2152 or.l.7.
580 2083 591 2147 )
604 2074 713 2152 quique
722 2087 820 2133 tantus
837 2089 937 2134 orator
948 2073 1059 2137 euasit.
1078 2073 1116 2131 ld
1130 2083 1230 2130 nutem

114 2159 181 2220 fieri
198 2179 264 2216 non
281 2156 379 2236 potuit
395 2155 452 2212 nisi
470 2157 531 2214 lere
550 2157 581 2212 in
598 2157 701 2234 quinto
720 2157 826 2228 libro,
858 2159 948 2218 tertio
967 2158 1016 2218 die
1036 2199 1045 2227 ,
1070 2175 1136 2214 cum
1159 2154 1231 2212 erlis

114 2242 269 2306 oratoriae
286 2239 397 2298 mentio
414 2239 488 2295 init.
508 2241 570 2297 lam
586 2239 610 2296 si
628 2253 708 2298 recta
727 2240 892 2299 coniectura
910 2239 1113 2310 est,imits[io
1130 2235 1232 2295 elato·

115 2327 163 2385 nis
182 2325 234 2394 fit,
246 2323 297 2398 qui
314 2320 397 2399 quasi
410 2321 441 2377 in
458 2332 586 2380 extrema
603 2324 710 2402 pagina
725 2322 854 2380 Phaedri
871 2323 1058 2382 laudandum
1075 2341 1092 2377 a
1109 2323 1231 2378 Socrate

118 2409 343 2468 adulescentem
361 2406 519 2462 lsocrntem
538 2417 641 2477 curat,
669 2407 750 2464 cuius
768 2405 810 2462 rei
827 2406 890 2484 ipse
907 2407 1012 2470 Cicero
1030 2401 1163 2462 meminit
1182 2419 1228 2456 or.

120 2497 186 2570 cap.
204 2511 279 2559 xus,
290 2487 366 2546 etde
376 2499 436 2564 opt.
448 2502 513 2563 gen.
528 2509 569 2546 or.
583 2509 628 2546 vr.
640 2489 720 2561 Quin
730 2487 804 2545 adeo
821 2488 901 2546 idern
918 2487 1022 2548 Cicero
1040 2486 1071 2542 in
1087 2483 1146 2542 line
1165 2481 1233 2540 din-

120 2575 267 2652 logorum
294 2569 331 2628 de
348 2581 466 2627 oratore
485 2569 536 2626 dat
553 2591 673 2647 opernm
691 2584 750 2640 „ut
768 2573 916 2630 Hortensii
935 2568 1075 2637 indoles,
1092 2579 1156 2624 tum
1178 2563 1237 2628 ud,-

119 2657 182 2718 huc
200 2653 397 2712 adulescentis
414 2665 443 2709 et
460 2669 513 2728 spe
530 2653 624 2729 magis
646 2673 732 2730 quam
752 2673 783 2710 re
803 2655 930 2713 oratoris
947 2693 956 2724 ,
979 2653 1120 2710 laudetur
1137 2669 1154 2706 e
1170 2649 1233 2706 Ce-

127 2741 194 2799 tulo
213 2737 346 2795 eiusdem
362 2753 486 2804 socero,
504 2755 634 2794 necnon
651 2757 668 2793 a
685 2740 790 2797 Crasso
807 2750 923 2795 oratore
941 2754 1028 2793 sene.

124 2927 191 2986 nos
199 2925 262 2992 pro
270 2900 398 2989 Afros:
413 2915 517 2988 quare
530 2899 586 2966 uel
599 2899 654 2967 lo-
699 2901 850 2990 dialogis
864 2900 1028 2985 interpres
1041 2894 1157 2966 dicere
1170 2891 1232 2963 de·

127 3007 190 3064 cus
205 2992 292 3060 alius
313 2989 461 3066 uidetur,
473 2988 529 3053 uel
545 3009 659 3070 certe,
705 2991 782 3058 buit
799 2996 838 3058 in
859 2991 1007 3080 officiis.
1024 3033 1025 3036 =

130 3083 229 3184 quod
248 3078 349 3147 ualde
368 3079 518 3168 suspicor
531 3101 610 3168 ‚pro
622 3086 661 3148 in
746 3089 766 3122 ⁸
