3276 5660
311 451 317 457 ’
429 451 518 542 260
720 538 729 570 L
761 473 823 540 oa
856 475 917 540 aa
939 461 1182 544 australe

203 1727 387 1824 Desideran-

204 1827 254 1870 tut·
263 1831 301 1890 pa
305 1829 392 1890 gmae

205 1896 370 1958 duodecim.

519 587 667 677 XXX.
707 589 828 702 Quae
858 623 963 708 qum
995 592 1167 679 dixisset
1196 583 1398 694 Laelius»,
1448 579 1531 674 etsi

426 761 571 816 omnes
590 791 602 836 ,
627 733 702 849 qui
727 713 928 840 ad'erant,
960 729 1248 852 significabant
1264 729 1318 815 ab
1335 760 1385 816 eo
1403 758 1446 815 se
1463 759 1535 815 cs-

423 903 466 959 se
484 869 719 959 admodum
745 873 972 962 dele'otatos
988 901 1036 970 (t)
1063 917 1076 980 3
1109 895 1249 960 tamen
1272 873 1535 990 praetcrea-

420 1033 535 1100 toros
558 1017 731 1129 Scipio,
764 1017 882 1134 quasi
908 1014 1096 1134 quodam
1120 1014 1275 1134 gaudio
1300 1013 1431 1102 clatus
1455 1039 1531 1120 (ῆς

421 1155 574 1239 multas
596 1175 644 1240 tu
667 1155 874 1272 quidem,
905 1158 1071 1274 inquit,
1102 1153 1247 1260 Laeli,
1278 1184 1400 1270 saepe
1424 1185 1536 1242 oau-
1629 1239 1630 1244 t

421 1325 487 1382 sas
518 1298 574 1381 ita
607 1285 873 1404 defendisti,
919 1320 968 1384 ut
998 1325 1077 1414 ego
1108 1327 1196 1382 non
1225 1294 1359 1382 modo
1389 1317 1537 1382 tecum

421 1438 618 1522 Seruium
651 1434 834 1524 Galbam
865 1437 1070 1554 collegam
1101 1455 1292 1522 nostrum
1318 1459 1388 1544 (α),
1403 1463 1538 1553 quem

422 1595 470 1660 tu.
494 1577 638 1696 quoad
660 1581 762 1664 uixit
785 1575 981 1664 omnibus
1012 1575 1292 1693 anteponebas
1330 1591 1408 1682 (3),
1447 1605 1538 1662 uc-

423 1751 519 1808 rum
536 1753 589 1809 nc
602 1724 825 1808 atticorum
842 1719 1017 1840 quidem
1040 1741 1258 1810 oratorum
1274 1742 1540 1838 quemquam

426 1887 496 1952 aut
519 1865 749 1978 suellitt'tate
773 1929 786 1949 .
809 1929 821 1950 .
845 1927 894 1950 ..
951 1942 955 1950 .

494 1996 595 2082 Duas
610 2005 679 2080 sibi
694 2030 751 2080 res
768 2003 964 2106 quominus
979 2001 1017 2078 in
1034 2001 1162 2103 vulgus
1175 1999 1219 2074 (b)
1231 2017 1268 2080 et
1280 2006 1318 2080 in
1336 2001 1417 2080 loro
1433 2000 1544 2078 dice·

423 2143 513 2223 ret,
543 2125 803 2203 confidentiam
827 2139 866 2200 ct
892 2150 1025 2200 uocem
1054 2180 1067 2222 ‚
1107 2123 1261 2202 defuisse
1282 2129 1353 2200 (θ).
1379 2125 1543 2206 Nonius

394 2255 398 2260 ’
421 2279 508 2332 uoo.
521 2253 784 2350 confidentia.

466 2396 513 2462 (a)
532 2393 578 2450 tto
600 2390 755 2450 Suetonius
772 2393 855 2450 Caes.
868 2409 930 2470 cap.
950 2410 1017 2448 rrrr
1035 2410 1095 2470 quo
1112 2387 1225 2468 gattdt'o
1241 2389 1358 2458 elatum
1378 2404 1466 2467 qum
1480 2379 1544 2444 10⁴

426 2471 573 2531 cntionem
591 2487 756 2532 mutuatum
779 2493 841 2530 esse
865 2494 881 2530 a
904 2467 1006 2531 Tullio
1026 2473 1198 2532 Suetonium
1221 2472 1337 2553 politici
1358 2466 1419 2531 eius
1435 2470 1546 2550 operis

423 2553 565 2614 lectorem
583 2567 611 2613 et
627 2568 800 2632 patronum,
818 2555 900 2614 haud
920 2554 1054 2635 ineptum
1069 2569 1113 2614 est
1129 2557 1294 2635 suspicari.
1307 2557 1353 2632 (b)
1373 2554 1543 2630 Alatrdgo.

464 2645 506 2712 (e)
527 2643 647 2698 Certum
664 2639 736 2695 mihi
760 2649 803 2695 est
824 2637 882 2696 hac
895 2639 979 2698 breui
996 2639 1145 2718 particula
1164 2641 1202 2698 de
1220 2643 1344 2698 Isocrate
1360 2635 1440 2714 loqui
1450 2635 1545 2694 Tut-

423 2717 511 2792 lium,
529 2720 666 2800 quoniam
684 2720 764 2800 apud
782 2721 961 2781 eundemor.
974 2724 1012 2780 ll.
1031 2723 1059 2781 3:
1078 2721 1117 2780 de
1133 2743 1165 2782 se
1183 2727 1335 2783 Isocrates
1352 2719 1458 2780 centu
1466 2723 1546 2795 ipse

418 2807 537 2882 pudore
553 2824 572 2864 a
588 2803 714 2865 dicendo
735 2815 763 2862 et
784 2805 947 2864 timiditate
975 2806 1143 2884 njugisse5
1170 2825 1244 2885 quae
1266 2807 1331 2884 ipsa
1346 2802 1438 2862 uerba
1455 2800 1544 2860 sori·

421 2885 496 2945 bunt
515 2908 618 2966 graece
635 2887 793 2964 Dionysius
807 2886 839 2943 in
854 2886 966 2944 iudicio
984 2887 1022 2946 de
1041 2889 1168 2946 lsouate
1183 2909 1246 2966 cap.
1269 2891 1293 2958 1,
1309 2899 1339 2946 et
1355 2885 1477 2956 Saites,
1496 2899 1552 2944 n·

423 2969 498 3028 alios
520 2970 687 3048 appellem.
707 2969 796 3042 Quod
812 2989 884 3028 uero
897 2970 1001 3046 eadem
1022 2970 1169 3048 particule
1187 2971 1255 3030 heic
1273 2972 1312 3030 sit
1336 2969 1542 3039 collocanda,

422 3050 500 3112 bona
519 3054 680 3112 admodum
699 3054 868 3112 coniectura
887 3054 931 3111 uti
951 3052 1072 3121 uideor,
1091 3065 1154 3112 turn
1171 3055 1242 3133 quia
1265 3054 1417 3115 Ciceronis
1434 3049 1543 3110 sermo

299 3201 308 3216 ·
424 3135 556 3196 deflectit
577 3135 618 3194 ad
635 3137 742 3194 atticos
768 3145 916 3206 oratores,
935 3147 997 3192 tum
1015 3135 1083 3213 quia
1100 3135 1181 3195 idem
1204 3149 1307 3198 auctor
1324 3159 1367 3196 or.
1384 3137 1437 3196 lll.
1458 3157 1473 3214 7
1496 3134 1544 3194 de

422 3233 572 3280 oratorum
592 3221 749 3296 generibus
776 3238 865 3314 aqens
882 3219 1016 3278 Laelium
1033 3221 1118 3296 pouit
1136 3220 1219 3278 haud
1243 3220 1349 3302 procul
1366 3217 1447 3277 suaui
1465 3219 1547 3276 Iso·

422 3316 523 3375 crate,
544 3303 705 3446 eoellpmque
732 3301 872 3361 orationis
895 3301 956 3362 leui
979 3320 1087 3382 genere
1113 3303 1245 3365 floruisse
1272 3301 1366 3375 dicit,
1384 3301 1541 3362 contrario

422 3399 521 3446 autem
539 3389 584 3448 Ga
620 3405 684 3446 am.

467 3515 521 3608 (r)
545 3514 703 3584 Auctoris
728 3515 785 3582 hic
811 3512 950 3605 plausus
997 3519 1213 3610 corporisque
1240 3517 1370 3587 ratione
1392 3562 1402 3597 ,
1425 3509 1539 3582 ualde
1629 3567 1630 3584 t

421 3609 498 3674 satis
511 3609 723 3674 commendat
736 3607 950 3698 splendorem
996 3609 1108 3676 eleuat
1126 3613 1294 3700 quidquid
1305 3635 1345 3678 ea
1368 3631 1468 3697 supet·
1493 3631 1538 3676 re

420 3697 557 3766 laeliani
574 3701 734 3765 sermonis
745 3701 787 3765 de
807 3700 951 3782 iustitia,
998 3723 1068 3770 non
1084 3702 1186 3768 semel
1206 3707 1328 3774 Cicero
1341 3699 1493 3788 scripsit·

420 3811 522 3880 quem
557 3787 639 3855 alibi
674 3789 826 3857 dilaudat
862 3793 953 3860 idem
1064 3819 1082 3860 n
1124 3797 1211 3860 Puta
1231 3797 1266 3862 in
1285 3808 1474 3887 auguratu.

420 3885 542 3953 Cicero
560 3883 601 3949 de
620 3903 685 3948 aru.
707 3883 953 3964 r11‚etSene·
1061 3886 1080 3952 3
1124 3885 1270 3954 Galbam
1299 3887 1363 3954 sibi
1393 3905 1538 3976 quoque

422 3999 460 4043 ca
480 3999 532 4065 cp.
553 3991 662 4044 cvut.
683 3977 756 4044 Cur
774 3998 853 4067 ergo
884 3977 952 4041 La·
998 3975 1134 4044 Laelius
1145 3979 1344 4069 anteposuit,
1355 3979 1536 4048 cient-ue.

308 4151 312 4158 4
421 4070 565 4134 etantius
582 4069 658 4133 inst.
674 4085 712 4132 v.
730 4091 767 4158 ¹7
788 4068 946 4132 crimina·
993 4089 1092 4158 xptt.
1107 4071 1249 4138 Cessisse
1268 4067 1397 4140 Galbae
1417 4091 1539 4138 omnes

307 4233 314 4246 ‚
419 4157 948 4246 turLaelium‚oeuparumplc·
993 4159 1149 4249 aequales
1166 4163 1343 4253 ipsumque
1355 4161 1440 4230 adeo
1461 4165 1538 4238 Ga·

418 4277 461 4320 ne
491 4251 597 4319 Furio
626 4249 866 4339 responderit?
888 4273 960 4323 eu-‚
991 4267 1105 4320 torrem
1123 4255 1169 4322 ait
1187 4255 1279 4329 idem
1298 4255 1420 4330 Cicero
1431 4255 1537 4328 Brut.

419 4339 942 4433 demscilicctlibertatequaop.
991 4361 1115 4420 xcvtt·

421 4432 464 4518 D.
477 4457 546 4526 cap.
560 4437 589 4504 1.
602 4449 739 4508 acturus
757 4435 950 4507 defanimae
1090 4435 1117 4445 '⁴
