3314 5658
1196 567 1280 628 x111
1370 655 1372 662 ,

155 679 236 750 loco
252 677 408 750 videatur
419 669 462 748 de
474 665 588 748 'Attico
606 669 703 768 loqui
718 706 726 742 ε
741 673 839 770 quod
859 669 1017 748 sinerum
1038 691 1105 764 est,
1129 683 1283 773 sequitur

155 803 196 852 ut
214 790 326 856 eidem
345 812 429 878 opus
446 787 513 855 boo
526 785 705 876 politicum
723 779 827 854 suerii
844 788 1068 876 inscriptum.
1088 789 1176 861 Sane
1200 790 1281 854 uni-

154 917 250 960 versa
269 892 461 984 prohoemii
478 895 564 962 ratio
584 893 627 960 ad
646 916 824 983 personam
835 890 941 962 Attici
954 893 1091 962 sortasse
1104 898 1251 988 quadrat
1268 920 1277 958 ε

154 1001 1279 1081 fflmfflmmmwmmmmmmmmfflw

154 1109 212 1178 dat
225 1111 385 1178 adversus
398 1133 487 1190 ecs,a
502 1108 623 1200 quibus
635 1107 947 1197 reprehendebatur
961 1158 971 1192 ,
985 1113 1078 1202 quod
1092 1111 1196 1180 homo
1212 1112 1276 1191 do·

155 1235 230 1284 ctvts
244 1217 478 1286 etlitterarum
490 1220 642 1288 omnium
654 1217 871 1309 plenissimus¹
880 1221 915 1286 in
926 1243 998 1311 rep.
1012 1222 1278 1292 administranda

151 1341 286 1418 tempus
305 1343 412 1396 terere
430 1327 621 1407 maluisset,
634 1350 736 1417 quam
748 1351 783 1394 se
795 1328 902 1418 quieti
919 1325 1102 1396 litterariae
1121 1329 1274 1421 tradere.

152 1429 262 1523 Atqui
278 1435 362 1502 baec
375 1453 447 1500 erat
463 1433 638 1502 sollemnis
657 1451 690 1502 et
709 1434 808 1500 unica
827 1437 975 1524 epicurei
994 1433 1101 1503 Attici
1115 1436 1168 1530 (v)
1184 1439 1220 1506 in
1235 1465 1277 1508 a·-

152 1541 281 1608 micum
305 1543 505 1612 Ciceronem
525 1541 737 1622 criminatio,
758 1556 797 1606 ut
816 1539 938 1608 diserte
958 1543 1207 1638 comperimus(
1232 1545 1273 1638 ).

152 1647 297 1716 Accedit
330 1653 424 1741 quod
449 1648 583 1720 Atticus
612 1638 769 1740 plurimis
796 1675 893 1740 saepe
918 1647 1074 1718 laudibus
1098 1650 1202 1720 libros
1218 1655 1277 1722 de

151 1781 222 1850 rep.
238 1763 370 1828 ornavit
382 1757 456 1853 (3),
475 1762 568 1850 quod
581 1777 620 1828 ut
632 1759 755 1828 faceret
768 1783 837 1828 non
850 1758 960 1826 solum
972 1763 1111 1828 materia
1131 1763 1166 1828 in
1186 1787 1274 1830 cau-

152 1895 188 1938 sa
206 1869 272 1936 suit
291 1919 301 1953 ‚
317 1851 439 1938 verum
467 1871 574 1962 etiam·
595 1870 733 1936 fortasse
756 1869 843 1936 sama
863 1891 948 1958 quae
968 1870 1011 1936 ad
1030 1893 1109 1936 eum
1124 1873 1214 1962 apud
1237 1893 1275 1936 o-

150 1997 247 2070 mnes
266 1995 415 2068 posteros
428 1980 659 2048 redundatura
677 1979 877 2060 videbatur,
890 1979 918 2046 si
936 2001 1060 2048 nomen
1072 1979 1176 2048 Attici
1196 2002 1277 2048 cum

153 2087 241 2151 tanti
259 2090 370 2176 operis
389 2085 497 2182 gloria
521 2105 606 2156 esset
643 2087 826 2182 sociatum.
852 2089 983 2154 Rursus
1002 2112 1064 2177 pro
1084 2089 1199 2158 Attico
1219 2089 1276 2155 sa-

157 2194 234 2274 cit,
261 2198 354 2284 quod
373 2199 404 2261 ei
423 2197 618 2264 inscribitur
632 2193 796 2277 Laelius,
822 2197 919 2262 cuius
953 2196 1062 2286 operis
1080 2195 1274 2290 complures

152 2319 235 2368 sunt
253 2326 335 2370 cnm
357 2303 424 2372 boc
443 2305 532 2372 civili
551 2306 791 2398 congruentiae
813 2351 821 2368 .
858 2303 1012 2370 Infirmas
1036 2327 1115 2372 vero
1135 2325 1272 2374 senten·
1350 2393 1355 2399 Ι

149 2416 236 2481 tiam
255 2419 401 2484 severior
420 2417 479 2484 illa
498 2419 654 2508 inprimi
673 2404 755 2482 libii
772 2413 970 2505 prohoemio
994 2417 1178 2507 disputatio
1206 2441 1270 2486 au-

152 2526 257 2592 ctoris
277 2510 435 2594 adversus
455 2529 699 2616 vituperatores
718 2524 864 2590 instituti
876 2523 928 2590 sui
940 2550 950 2603 ς
964 2525 1000 2592 in
1019 2525 1144 2620 quibus
1163 2546 1272 2615 quum

151 2631 258 2699 fuerit
275 2632 430 2717 Atticus,
454 2659 566 2704 nonne
585 2633 769 2702 inhumane
786 2633 883 2702 fieret
900 2634 937 2700 in
954 2657 1033 2702 eum
1051 2635 1195 2704 invectio
1216 2635 1274 2702 cui
1354 2691 1356 2699 .

150 2740 262 2808 bonos
275 2741 475 2812 tribuendus
493 2754 571 2811 est?
589 2744 744 2834 Denique
764 2743 793 2810 si
809 2742 896 2810 forte
914 2765 1000 2810 vera
1013 2759 1091 2810 sunt
1110 2742 1272 2836 (labile-

149 2873 229 2920 rum
249 2851 337 2920 enim
355 2852 477 2920 similia
495 2855 654 2920 videntur
673 2851 688 2944 )
708 2873 795 2944 quae
813 2848 916 2942 paulo
936 2849 1105 2920 inferiuse
1128 2849 1271 2956 Bullarq

150 2964 190 3030 tii
209 2961 350 3029 historia
363 2961 544 3030 reseremus
564 3009 574 3044 ‚
605 2961 710 3029 codex
734 2959 818 3028 olim
835 2964 871 3028 in
891 2962 1055 3030 Sarmatia
1075 2957 1269 3031 observatus

148 3069 258 3136 libros
277 3071 319 3137 de
337 3093 408 3159 rep.
423 3086 560 3136 testatus
579 3083 628 3135 est
640 3067 740 3135 luisse
754 3068 797 3135 ad
815 3067 969 3136 Atticum
987 3069 1150 3156 scriptos.
1173 3068 1267 3136 llaec

149 3201 213 3269 ego
237 3174 341 3267 paulo
359 3173 523 3265 prolixius
541 3175 709 3263 disputavi
722 3187 899 3260 propterea
918 3171 1011 3259 quod
1024 3171 1133 3259 gravis
1146 3171 1269 3238 admo·-

148 3286 235 3352 dum
254 3283 422 3346 dubitatio
441 3280 526 3340 mihi
544 3293 628 3342 esset
653 3278 770 3340 oborta
788 3294 873 3337 num
889 3274 1021 3362 politici
1038 3277 1120 3342 libri
1139 3279 1268 3365 Quinto

144 3391 247 3462 fratri
265 3385 393 3455 suerint
404 3384 579 3473 inscripti.
607 3384 648 3449 lu
665 3378 781 3447 multis
794 3397 908 3448 autem
930 3382 1183 3472 quaestionibus
1201 3391 1265 3472 fit,

150 3515 193 3564 nt
211 3519 267 3564 res
286 3493 460 3560 verbosior
477 3489 561 3558 haee
579 3489 707 3571 fuerit,
728 3487 793 3554 illa
810 3491 942 3558 verior.
969 3491 1079 3560 Causa
1097 3493 1182 3562 mibi
1200 3497 1270 3562 du-

146 3603 282 3676 bitandi
295 3621 372 3672 sunt
382 3601 441 3668 illa
453 3601 555 3669 verba
567 3600 677 3667 Marci
691 3599 732 3666 ad
743 3599 881 3666 fratrem
895 3598 948 3693 (4)
963 3599 1136 3694 loquentis
1153 3605 1194 3673 de
1208 3627 1268 3672 va-

145 3711 267 3784 rianda
279 3727 473 3799 temporum
491 3723 525 3774 et
535 3727 755 3796 personarum
765 3706 896 3772 ratione
906 3708 943 3772 in
956 3706 1009 3774 bis
1021 3705 1163 3802 dialogis
1176 3737 1185 3776 s
1202 3735 1266 3803 ego

144 3837 265 3890 *autem
282 3820 322 3887 id
338 3825 448 3912 ipsum
466 3835 537 3886 tum
554 3839 651 3884 eram
669 3833 803 3906 secutus
822 3861 832 3896 ‚
850 3837 894 3882 ns
912 3820 950 3882 in
968 3835 1088 3886 nostra
1110 3833 1268 3908 tempora

146 3935 349 4010 incurrens,
372 3925 583 4019 offenderem
601 3929 817 4019 quempiam:
841 3923 1042 3992 numeria
1058 3923 1200 4004 vitabo,
1228 3939 1265 3992 st
1300 3917 1306 3924 ¹

195 4110 242 4180 (v)
265 4104 396 4163 Atticum
410 4103 499 4164 luisse
509 4105 679 4186 epicureum
722 4099 851 4161 lominus
868 4100 908 4160 ad
923 4100 986 4160 Ait.
1001 4091 1069 4164 tv.6
1089 4103 1267 4186 diciturne.

148 4201 234 4274 patet
256 4210 289 4246 ex
305 4187 367 4246 cic.
385 4187 423 4244 de
436 4187 494 4265 leg.
507 4191 529 4246 l.
552 4213 580 4271 7,
600 4201 629 4246 et
647 4209 681 4249 ex
724 4187 792 4246 turb
810 4181 985 4262 redeunde
997 4191 1012 4251 ’.

147 4271 257 4334 tuscul.
268 4273 291 4340 l.
304 4269 345 4338 ¹6,
364 4269 442 4328 saeta
464 4275 682 4352 comparatione
765 4279 813 4348 (a)
836 4277 886 4335 ad
903 4277 966 4336 Att.
985 4279 1008 4335 1.
1024 4299 1069 4358 ¹7·

149 4377 217 4418 euna
239 4351 386 4414 Lactantii
403 4353 471 4412 lo‘co
493 4355 562 4417 inst.
575 4380 632 4420 vn.
653 4381 692 4438 7..
720 4373 721 4376 ’
765 4357 814 4431 (3)
837 4361 880 4418 At
896 4360 960 4418 Att.
972 4361 1010 4426 V.
1026 4383 1071 4424 ια.
1091 4383 1137 4428 vr.
1154 4369 1260 4434 aab.

151 4441 238 4500 ldem
259 4449 355 4494 tamen
373 4435 507 4506 Atticus,
526 4440 688 4517 quamvisa
731 4461 790 4501 γη.
808 4461 836 4499 2.
855 4443 883 4500 3.

87 4520 95 4547 ⁸
152 4541 216 4603 rep.
238 4521 370 4596 gerepda
385 4519 586 4596 abhorreret,
605 4522 689 4594 nihi-
772 4531 820 4610 gi)
840 4524 907 4598 Lib.
920 4527 975 4590 111.
987 4524 1019 4616 53.
