3262 5662
489 529 708 596 traca
741 533 791 596 rr.
1058 493 1061 500 ’
1099 505 1179 595 151

90 647 432 770 quaealiomulo
446 649 544 736 casu
557 668 629 734 ant
645 645 1002 736 necessitateiacte
1016 657 1188 753 eunte„
1302 683 1309 698 ·

88 810 131 876 et
154 789 340 907 disputes
363 820 449 876 non
466 790 635 909 uaganti
651 791 841 877 oratione
858 849 872 899 ,
904 786 979 875 sed
995 781 1130 874 defixa
1146 787 1193 872 in

84 963 172 1026 una
195 925 432 1050 republica
455 999 467 1022 .
500 931 643 1044 Quare
665 933 793 1054 perge
821 931 849 1042 ,'
874 953 924 1018 nt
945 931 1158 1020 instituisti
1170 957 1194 1016 -e

86 1077 327 1200 prospicere
358 1075 473 1164 enim
503 1077 587 1161 iam
617 1074 769 1164 uideor
798 1095 840 1162 te
863 1075 1051 1195 reliquos
1075 1101 1195 1192 reges
1305 1135 1317 1177 ,

84 1237 412 1336 persequentem
428 1218 547 1333 quasi
560 1217 786 1332 perfectam
799 1243 889 1304 rem
902 1214 1117 1331 publicem
1131 1217 1195 1322 (i)-

150 1362 267 1450 llll.x
284 1361 403 1482 Ergo
421 1421 435 1470 ‚
452 1365 593 1482 inquit
609 1363 774 1478 Scipio,
791 1391 888 1449 cum
906 1361 980 1446 ille
996 1363 1011 1478 ll
1027 1363 1190 1450 Romu·
1221 1373 1255 1434 1³·
1273 1371 1346 1434 2⁸¹·

87 1499 119 1596 li
143 1525 312 1596 senatus
337 1529 417 1614 (a),
466 1509 542 1626 qui
574 1503 790 1594 constabat
812 1535 862 1594 ex
885 1505 1198 1622 optimatibus,

88 1643 247 1768 quibus
270 1648 361 1760 ipse
385 1677 458 1734 rex
480 1637 644 1732 tantum
667 1645 917 1756 tribuisset,
949 1667 997 1733 ut
1019 1679 1091 1736 eos
1113 1679 1196 1766 pa-

88 1807 168 1876 tres
192 1786 325 1875 uellet
348 1789 586 1896 nominari,
609 1787 892 1909 patriciosque
916 1819 1066 1877 eorum
1082 1788 1198 1875 libe-
1255 1767 1261 1778 ’

85 1959 189 2037 ros,
223 1909 422 2016 temtaret
453 1951 550 2046 post
580 1931 754 2017 Romuli
787 1959 1000 2019 excessum
1029 1953 1078 2020 ut
1109 1937 1198 2049 ipse
1291 1983 1319 2006 a

83 2091 253 2192 gereret
272 2089 319 2164 (t)
346 2071 433 2156 sine
450 2101 548 2189 rege
564 2094 655 2156 rem
671 2067 887 2188 publicam
904 2133 919 2181 ‚
949 2073 1134 2190 populus
1151 2069 1199 2160 id

86 2241 172 2303 non
194 2215 304 2304 tulit
328 2237 407 2324 (ως
441 2212 738 2334 desiderioque
768 2216 943 2304 Romuli
966 2241 1111 2332 postca
1134 2247 1201 2304 re·

85 2385 179 2480 gem
202 2331 400 2477 flagitare
425 2389 513 2445 non
537 2353 695 2442 destitit
719 2387 730 2440 r
764 2387 862 2444 cum
885 2357 1115 2476 prudenter
1139 2357 1203 2446 illi

83 2501 223 2618 princi
234 2529 308 2612 pes
331 2529 488 2585 nouam
513 2519 554 2586 et
583 2497 813 2584 inauditam
838 2501 984 2588 ceteris
1008 2497 1200 2620 gentibus

89 2640 319 2758 interregni
336 2641 513 2728 ineundi
532 2639 737 2726 rationem
758 2639 1113 2758 excogiltanerunt
1129 2663 1201 2749 (t),
1233 2661 1268 2726 Ρ.
1288 2659 1358 2726 ate.
1391 2639 1395 2642 ’

91 2799 143 2864 ut
165 2778 310 2899 quoad
333 2803 472 2872 certus
497 2812 570 2866 rex
593 2775 823 2868 declaratus
849 2801 981 2889 esset,
1013 2813 1090 2870 nec
1112 2783 1203 2870 sine

93 2950 188 3048 tege
206 2928 384 3034 ciuitas,
415 2957 494 3012 nec
512 2923 718 3010 diuturno
734 2953 830 3043 rege
847 2945 954 3012 esset
969 2957 1091 3035 uno,
1124 2959 1202 3016 nec

135 3165 185 3230 (a)
208 3155 256 3212 lta
275 3151 341 3210 cod.
365 3175 389 3211 ι.
407 3169 518 3228 manu3
535 3161 566 3206 at
583 3165 611 3204 a.
631 3150 786 3206 samatus.
824 3149 871 3220 (b)
892 3149 939 3204 lta
967 3145 1031 3204 cod.
1054 3165 1078 3204 ι.
1097 3169 1206 3222 manu3

92 3251 125 3297 at
142 3257 172 3298 α.
191 3235 265 3293 l'ccit
280 3249 409 3311 regeret,
428 3252 517 3312 quam
533 3228 772 3288 emendationem
786 3227 871 3287 baud
888 3227 1016 3306 recipio:
1033 3227 1119 3310 prior
1128 3233 1206 3293 enim

92 3317 243 3398 scriptura
262 3325 291 3376 e't
308 3315 402 3378 latino
421 3315 549 3376 sermoni
567 3311 637 3372 setis
655 3312 811 3390 congruit,
823 3323 856 3373 et
875 3309 1039 3389 elegantior
1056 3324 1100 3369 cst
1117 3335 1206 3393 quam

91 3413 207 3480 regeret
222 3407 380 3480 ainerege.
391 3399 524 3460 Eandem
533 3411 632 3456 tamen
648 3395 814 3472 scripturae
830 3395 1004 3456 ucrietatem
1014 3397 1096 3478 apud
1104 3400 1207 3481 Augu-

94 3487 207 3546 ttinum
225 3484 449 3546 obteruebimut
465 3482 498 3540 in
513 3480 603 3540 huim
618 3479 691 3540 libri
707 3479 766 3538 line
784 3521 794 3539 .
1046 3558 1066 3597 x

142 3659 197 3756 (r)
223 3657 348 3730 Recole
366 3661 457 3729 dicte
475 3658 626 3749 capili.
673 3665 849 3748 tamquam
864 3651 1023 3742 foueam,
1053 3675 1205 3750 praeter·

95 3738 218 3822 deero
235 3755 327 3822 enim
355 3749 404 3820 ibi
423 3755 506 3822 dixit
524 3751 628 3816 sitnm
673 3751 846 3842 grediturz
860 3766 934 3818 astu
952 3751 1082 3819 scilieet
1093 3767 1207 3818 orato·

96 3846 191 3913 urbis
228 3846 444 3936 sapientera
481 3841 629 3910 Romulo
675 3841 1088 3920 rio‚nemalamcensam
1105 3860 1207 3910 tuen·

96 3953 282 4028 cponteqne
324 3935 494 4012 electum
536 3931 630 4002 haud
676 3931 722 3997 tle
739 3931 839 3997 saciat
856 3935 1026 4021 peiorem.

98 4031 258 4118 equidem
275 4030 454 4097 ueritatem
472 4041 630 4107 secutus,
725 4019 779 4114 (a)
804 4022 856 4088 Ita
879 4026 950 4090 cine
972 4021 1051 4092 nllo‘
1068 4024 1177 4093 uerbo
1196 4071 1208 4089 .

98 4123 154 4188 sed
172 4145 215 4188 ne
234 4125 405 4189 omitteret
422 4120 632 4188 occasionem
677 4111 730 4182 De
747 4137 785 4181 re
809 4113 927 4183 confer
942 4118 1022 4186 cte.
1042 4117 1085 4187 de
1108 4139 1158 4185 or.
1179 4117 1207 4184 1.

98 4213 255 4280 tradendi
285 4229 461 4306 praecepta
494 4207 632 4300 politica
676 4231 713 4298 9,
732 4221 766 4274 et
784 4223 869 4274 tusc.
890 4226 945 4274 tv.
965 4225 993 4276 t.
1286 4279 1293 4292 ἱ
1328 4239 1334 4247 -

97 4302 141 4369 'de
167 4305 232 4372 citu
260 4305 340 4373 urbi
359 4327 467 4371 nonae
495 4317 633 4391 capten-
727 4297 780 4455 (32
806 4297 931 4368 Confer
948 4303 1086 4396 Dionys.
1102 4299 1210 4392 11-573

101 4395 148 4460 do
161 4441 171 4460 .
185 4398 298 4482 Quare
309 4413 342 4465 et
360 4395 449 4464 banc
468 4393 633 4462 obiectio·
674 4384 755 4456 Liu.
782 4391 1049 4480 .17;seru.aen:
1071 4397 1207 4486 v1.8o9t

101 4497 181 4558 nem
225 4507 345 4562 eustoc
390 4485 633 4580 incluteth
702 4479 783 4580 ’(4)
805 4481 1092 4562 tueremur
1108 4489 1209 4558 etiam
