3234 5658
342 473 372 548 ,κ’

436 539 441 557 ·
502 501 722 594 'trouu
763 527 795 592 1.
1139 531 1195 620 97

98 647 271 771 quidem
292 667 515 766 peruetus.
548 628 582 730 c.
600 633 820 755 Minime,
852 675 898 732 ac
921 673 1060 762 prope
1077 672 1202 730 sene-

95 817 233 880 scente
250 793 333 876 iam
351 791 533 878 Graecia·
544 817 612 884 (ι).
626 813 659 870 c·
669 789 791 877 Cedo
808 848 823 897 ,
838 795 941 876 num
956 793 977 894 ‚⁶
994 789 1134 902 Scipio
1153 809 1201 874 (a)

94 929 370 1020 barbarorum
403 931 610 1019 Romulus
634 963 705 1019 rex
734 929 855 1018 suit?
871 951 905 1007 t·
929 933 974 1018 si
996 951 1045 1014 ut
1069 929 1203 1014 Grae-

96 1073 135 1160 ci
161 1073 315 1178 Ndicunt
337 1077 481 1160 omnis
500 1097 572 1160 aut
597 1075 749 1164 Graios
768 1093 814 1166 (b)
840 1105 927 1161 esse
951 1096 1022 1162 aut
1043 1063 1203 1155 barbe-

93 1241 196 1320 ros,
228 1243 380 1299 uereor
403 1245 457 1299 nc
471 1211 748 1300 barbarorum
765 1245 838 1300 rex
853 1213 936 1300 fuit
952 1240 1028 1321 (c);
1061 1217 1126 1300 sin
1157 1211 1204 1298 id

91 1383 250 1441 nomen
266 1351 457 1440 moribus
474 1349 663 1442 dandum
689 1375 750 1442 est
783 1387 871 1439 non
896 1355 1052 1472 linguis
1069 1363 1204 1463 „non
1245 1409 1247 1416 ·

94 1493 278 1582 Graecos
309 1495 451 1580 minus
467 1496 482 1608 ss
496 1493 699 1581 barbaros
723 1526 850 1614 quam
884 1497 1096 1584 Romanos
1112 1505 1211 1615 pu·x
1233 1535 1265 1594 p.
1291 1531 1357 1596 153.

91 1651 133 1716 to
153 1657 221 1723 (π).
246 1632 307 1720 Et
322 1636 465 1748 Scipio
481 1695 496 1741 ,
513 1613 652 1754 adqui·
664 1653 713 1728 (d)
733 1633 787 1720 ad
807 1634 888 1722 hoc
904 1695 918 1742 ,
935 1635 990 1722 de
1008 1669 1096 1757 quo
1114 1639 1201 1758 agi-

89 1793 185 1881 tur,
203 1803 295 1860 non
318 1775 556 1892 quaerimus
597 1797 793 1893 gentem,
825 1781 988 1894 ingenia
1031 1781 1202 1898 quaeri·-

88 1946 178 2004 mus
203 1929 219 2004 .'
251 1915 298 2002 Si
329 1917 444 1998 enim
475 1935 516 1998 et
545 1913 774 2028 prudentes
795 1917 999 2014 homines
1030 1939 1071 2004 et
1111 1949 1198 2006 non
1283 1929 1286 1936 '

89 2077 248 2170 ueteres
268 2045 298 2162 ,“
315 2083 435 2172 reges
464 2051 619 2139 habere
650 2055 909 2160 uoluerunt,
941 2079 1040 2145 utor
1063 2093 1201 2182 neque

88 2197 347 2318 perantiquis
371 2226 509 2320 neque
534 2195 771 2282 inhumanis
796 2227 843 2282 ac
866 2198 964 2284 feris
987 2199 1186 2286 testibus.

86 2399 92 2412 ⁸
127 2411 173 2480 (a)
190 2407 262 2467 Vox
272 2406 373 2481 Scipio
391 2371 594 2472 (nontinetiuo
604 2444 614 2472 ,
631 2412 665 2459 ut
681 2381 829 2470 arbitror,
846 2411 934 2474 casu)
954 2402 1127 2482 interposite
1144 2405 1202 2465 suit

89 2488 229 2558 secunda
246 2505 357 2556 manu,
382 2484 566 2562 *citcturque
589 2484 687 2562 glossa
709 2485 882 2564 quaedem:
913 2487 959 2561 (b)
975 2488 1049 2546 Cod.
1072 2509 1097 2546 ι.
1113 2500 1203 2551 manu
1324 2523 1325 2528 κ

91 2579 240 2658 Gramen
260 2590 288 2628 n.
310 2571 441 2630 Graios.
466 2575 507 2642 (c)
524 2569 570 2628 ltu
590 2567 654 2628 cod.
677 2573 857 2649 profuerit.
881 2569 930 2662 (ci)
946 2571 1069 2632 ltucod.
1121 2641 1123 2646 ¹

86 2739 210 2810 Cicero
239 2733 351 2805 multo
376 2733 455 2826 plus
478 2737 580 2804 distat
602 2761 622 2802 a
669 2733 855 2804 Abrohomi
874 2757 1044 2809 nccnxtv
1057 2739 1204 2829 impere-

87 2825 237 2898 Romnlo
255 2873 266 2910 ‚
284 2830 378 2918 quod
406 2830 478 2917 ipse
491 2829 623 2920 ibidem
670 2851 708 2894 re
727 2832 860 2918 coepit3
885 2853 964 2923 ergo
976 2847 1052 2897 ante
1072 2832 1207 2902 Romu·

81 2941 164 2990 'mox
193 2921 242 2985 eit
261 2919 493 3010 Augustinus.
517 2919 624 2988 Mau·
670 2915 745 2983 lu'rn
759 2923 837 2984 anni
852 2937 1067 2990 excurrerunt
1081 2922 1202 3016 saltem

86 3015 156 3080 tini
175 3027 293 3078 tamen
322 3011 467 3074 editores
486 3033 504 3073 a
524 3009 624 3075 codi·
671 3029 897 3077 mcccxxxlu
911 3037 950 3078 ex
962 3035 1031 3100 quo
1044 3030 1201 3100 coeptum

84 3117 167 3172 'cum
196 3117 232 3167 et
255 3094 478 3188 editionum(
497 3113 535 3162 ut
558 3100 621 3185 ipsi
669 3097 778 3161 tuerat
795 3101 929 3186 regnari
948 3101 986 3164 in
1003 3121 1122 3188 graeca
1142 3125 1202 3165 ur-

82 3200 182 3264 niunt
202 3189 218 3284 )
242 3190 442 3272 auctoritate
460 3210 530 3254 non
547 3188 622 3253 dis·
668 3183 711 3252 bc
731 3185 876 3342 Sicpone
889 3236 897 3254 .
911 3189 1021 3281 Igitur
1044 3208 1203 3260 nascente

84 3287 236 3364 cedunt,
255 3281 484 3369 mendumque
508 3279 621 3344 meni·
668 3277 815 3344 Romuo
848 3279 915 3350 iam
940 3279 1081 3349 Graecia
1105 3305 1202 3350 sene·

83 3378 210 3445 festum
234 3388 267 3440 et
301 3371 343 3436 ua
368 3371 503 3437 itiosum
535 3371 622 3436 heti-
666 3369 800 3436 scebat.
817 3371 951 3464 Legesis
969 3373 1070 3439 etium
1081 3370 1202 3466 Augu·
1246 3370 1247 3374 ’

84 3486 190 3549 nent,
216 3463 312 3558 quod
380 3465 448 3528 turi
476 3464 624 3530 editores
666 3463 794 3528 stinum
812 3464 908 3532 C-D.
922 3461 982 3529 lib.
996 3465 1200 3558 numqui

86 3559 305 3654 purgabunt.
327 3555 394 3623 Per
411 3557 574 3622 mendum
587 3556 623 3620 in
668 3575 721 3619 res
753 3555 914 3622 Graeciae
933 3553 1096 3646 plurimus
1122 3575 1202 3626 ante

87 3653 152 3720 ulio
170 3647 358 3741 Augustini
380 3643 458 3714 loco
475 3669 536 3712 noe
555 3647 620 3734 ipsi
668 3645 990 3716 Romemconditem
1001 3667 1134 3718 narret.

85 3745 226 3811 inferius
251 3739 347 3805 initio
372 3737 463 3804 tertii
485 3736 621 3806 libriin
700 3735 753 3830 (α)
768 3740 934 3806 Romanos
968 3743 1200 3826 riscpseontri

84 3836 170 3904 notis
189 3853 433 3921 coarguemus.
541 3885 545 3894 .
669 3827 881 3896 Graecorum
900 3765 1085 3899 caiirrnnias
1100 3851 1202 3925 neget

129 3923 185 4023 (ι)
210 3923 256 3990 td
281 3943 344 4010 ope
369 3919 523 3986 chronici
552 3943 619 3984 eu·
665 3917 766 3985 fuisse
789 3919 948 3987 barbaros
967 3925 1150 4014 Dionysius
1170 3926 1198 3990 1.

85 4017 210 4088 restani
237 4014 286 4080 tic
303 4013 456 4080 breuiter
479 4012 621 4077 demon·
667 4009 911 4101 4.5.9o.tv.26·
924 4029 1113 4107 t11.7o.7n.
1128 4015 1196 4082 Le·-

84 4126 236 4177 etrstur.
268 4107 376 4196 Reges
394 4106 442 4171 sic
469 4103 538 4170 onii
557 4103 622 4168 de-
665 4125 708 4193 ge
726 4102 827 4174 eriam
839 4103 1003 4171 caconem
1021 4105 1112 4193 apud
1124 4103 1198 4172 Pli·
1221 4182 1230 4190 ἢ

85 4203 242 4268 eiuerunt
294 4217 382 4264 anno
435 4127 622 4262 ,ibrahtnni
666 4195 764 4259 nium
787 4213 897 4266 xxix.
923 4197 1110 4264 r.Greecos
1134 4198 1197 4268 Ci-

87 4306 365 4364 ucccnxxxvrn
396 4333 408 4368 ‚
443 4302 622 4376 postquam
667 4295 747 4352 cero
762 4285 960 4376 proFlacco
978 4285 1195 4356 xrhaudrni-

89 4385 185 4450 enuit
203 4381 342 4448 circiter
359 4395 554 4448 nccccttu
573 4399 620 4442 re·
641 4449 643 4456 ,
670 4399 752 4447 nore
764 4379 941 4448 seueritate
953 4378 1109 4448 damnet.

88 4487 274 4568 genuerunt
295 4520 319 4544 ..
345 4465 512 4542 Romulus
536 4488 625 4538 cuno
665 4510 670 4522 ·
703 4525 734 4534 ,.
769 4517 782 4532 ..

830 4562 882 4652 13
