3234 5658
424 463 483 554 ss
754 483 817 546 nn
850 478 912 546 nn
945 445 1175 548 rvnnrcl

416 615 520 690 tero'
547 599 636 691 sole
674 599 796 723 quod
825 603 1063 715 nuntiatum
1103 599 1236 688 estin
1269 619 1424 690 senatu
1448 599 1536 692 tat?

415 775 553 862 neque
577 746 687 833 enim
709 745 832 860 pauci
855 773 991 862 neque
1014 741 1130 850 leues
1153 761 1251 830 sunt
1273 743 1354 859 qui
1380 773 1428 832 se
1446 741 1536 834 duo

415 889 526 976 soles
549 884 707 974 uidisse
722 883 892 994 dimnt5
924 903 1076 974 utnon
1098 903 1184 968 tem
1206 874 1313 968 fides
1339 913 1436 972 non
1457 887 1537 974 hs-

413 1025 585 1136 benda,
618 1059 746 1148 quam
768 1029 874 1116 ratio
899 1025 1141 1146 quaerenda
1163 1027 1214 1119 sit
1230 1049 1297 1118 (ι).
1332 1025 1423 1115 Hic
1439 1030 1536 1116 Sci·-
1597 1131 1604 1155 ι

414 1171 522 1284 pio,
555 1201 684 1288 qnam
730 1168 888 1257 uallem
923 1167 1168 1259 Panaetium
1207 1191 1409 1257 nostrum
1449 1199 1535 1256 no·

414 1311 580 1398 hiscum
618 1308 866 1400 haberemus
905 1339 984 1418 (a),
1016 1314 1092 1430 qui
1129 1341 1229 1400 cum
1260 1331 1412 1402 cetera
1446 1335 1536 1398 tum

405 1452 516 1542 haec
547 1453 737 1560 caelestia
767 1455 839 1542 uel
860 1454 1167 1542 studiosissime
1198 1453 1305 1542 solet
1347 1484 1537 1574 quaere-

211 1699 223 1733 4
374 1611 382 1625 ·
416 1623 462 1678 re
478 1611 556 1682 (3).
589 1591 676 1678 Sed
707 1621 819 1710 ego,
842 1591 1047 1701 Tubero,
1077 1623 1176 1680 nam
1208 1613 1352 1682 tecum
1378 1595 1385 1706 Ι
1411 1625 1538 1710 aper-

294 1811 299 1822 .
407 1752 477 1852 ‘tex
496 1725 635 1848 quod
655 1734 788 1820 sentio
812 1731 1000 1852 loquar,
1032 1762 1120 1820 non
1159 1735 1284 1820 nimis
1317 1731 1538 1822 adsentior

277 1565 314 1630 P.
332 1566 371 1648 98

384 2037 386 2042 ·
458 2003 504 2074 (a)
527 1999 562 2056 ln
580 1995 683 2058 codice
698 2015 784 2076 saepe
799 1995 939 2057 scribitur
955 2011 1095 2058 saecutus
1101 1995 1313 2076 3suparaddits
1330 2016 1353 2054 a
1363 2036 1374 2066 ,
1395 1990 1421 2050 si
1440 2011 1536 2072 qnan-

356 2095 360 2104 '
419 2079 460 2138 do
477 2081 581 2139 omissa
603 2081 716 2137 suerat.
737 2079 795 2139 Sed
816 2091 912 2137 tamen
938 2093 1028 2158 quum
1046 2095 1075 2140 et
1100 2081 1149 2139 lex
1170 2079 1387 2158 quantitatum,
1414 2088 1446 2134 et
1472 2075 1536 2152 ipsa

416 2160 734 2308 ffiffilpffi'ppminis
753 2161 973 2244 diphthongum
990 2164 1146 2238 excludat,
1162 2162 1304 2224 mendum
1319 2159 1456 2222 retinere
1471 2158 1537 2240 pia·

467 2415 521 2513 (r)
547 2419 609 2490 hei
638 2421 697 2490 dat
735 2417 948 2512 praeclarum
996 2419 1140 2514 losopho
1170 2423 1257 2512 disp.
1277 2445 1357 2490 cum
1376 2417 1493 2514 princ.
1514 2433 1538 2481 t.

418 2513 648 2596 testimoninm
670 2515 741 2600 ipse
765 2516 886 2584 Cicero
905 2513 947 2582 N.
998 2538 1052 2586 rx.
1073 2538 1106 2603 p.
1126 2517 1199 2584 108.
1219 2515 1381 2582 Eiusdem
1400 2513 1537 2578 Panac-

417 2597 465 2668 Ι).
494 2603 539 2668 ΙΙ.
570 2605 615 2672 5:
645 2603 717 2670 sole
741 2609 951 2694 geminato,
997 2607 1037 2670 tii
1049 2605 1218 2672 auditores
1231 2604 1370 2688 suerunt
1384 2617 1539 2693 quatuor

415 2691 513 2784 quod
534 2693 709 2762 luditum
738 2711 775 2762 et
803 2695 948 2785 Aqurh'o
997 2695 1115 2763 saltem
1133 2719 1173 2760 er
1190 2695 1243 2762 his
1267 2697 1308 2764 de
1326 2719 1402 2785 rep.
1426 2696 1541 2760 inter-

417 2805 530 2852 eonss.
556 2802 745 2863 euenerat,
772 2809 839 2876 quo
869 2790 951 2876 qui·
997 2785 1232 2865 locutoribus,
1250 2809 1372 2877 nempe
1396 2784 1542 2872 Scipio,

417 2872 501 2940 dem
518 2899 611 2944 anno
629 2875 684 2942 ·P·
696 2874 888 2966 Africanus
899 2877 953 2944 sol
1000 2874 1156 2956 Laelius,
1172 2875 1341 2956 Rutilius,
1361 2875 1542 2942 Fannius.

419 2963 512 3034 alter
546 2971 718 3036 annaeus
752 2984 825 3036 est.
865 2969 953 3034 Item
998 2969 1145 3060 Legatnr
1176 2969 1297 3036 Cicero
1328 2963 1385 3033 off.
1418 2967 1448 3031 1.
1487 2965 1541 3034 26.

418 3055 464 3124 de
487 3056 595 3122 diuin.
611 3059 639 3124 l.
658 3057 703 3144 43
727 3057 852 3213 glemini
875 3055 953 3124 solis
999 3061 1063 3126 Ill.
1079 3083 1112 3136 ας
1125 3058 1184 3124 fin.
1198 3061 1281 3134 11.8;
1294 3057 1393 3124 Brut.
1410 3075 1542 3136 xxvi,

420 3157 619 3238 portentum
650 3157 780 3238 p'opuo
812 3171 953 3217 romano
1000 3173 1094 3220 xxx.
1114 3151 1269 3240 Denique
1287 3147 1444 3214 Panaetii
1454 3147 1542 3212 scri·

393 3239 623 3328 'perniciosas
632 3241 809 3308 seditiones
821 3241 955 3308 denun-
999 3259 1137 3334 ptorum
1162 3243 1205 3308 ad
1231 3245 1286 3326 ·Q·
1314 3237 1540 3308 Tuberonem

419 3331 555 3396 tietaisse
573 3331 721 3398 dicitnr.
740 3334 791 3400 Dc
817 3331 953 3420 pareliis
1000 3333 1277 3401 ineminitCioero
1290 3329 1535 3420 lin.1v.9,tnsc.

315 3475 329 3488 .
422 3433 539 3486 autern
550 3418 705 3511 legantur
723 3423 811 3486 inter·
823 3439 954 3487 ueteres
1004 3443 1058 3490 ιν.
1080 3449 1111 3492 n.
1132 3425 1239 3488 Porro
1253 3421 1450 3512 Scipionem
1468 3423 1537 3487 Ps-

420 3506 618 3578 Aristoteles
637 3529 773 3577 mereor.
786 3511 851 3575 111.
868 3537 900 3577 a·
920 3513 955 3586 6;
1002 3515 1104 3581 naetii
1140 3513 1325 3602 praeceptis
1362 3513 1536 3578 eruditum

421 3595 555 3668 Plinius
579 3598 658 3666 hist.
679 3603 724 3670 11.
744 3600 782 3669 31
801 3623 813 3678 ς
831 3601 956 3670 Seneca
1003 3603 1102 3670 luisse
1112 3621 1253 3670 testatur
1270 3606 1375 3672 ctiam
1384 3599 1536 3692 Sulpicia

421 3711 457 3780 q.
478 3707 546 3755 nat.
568 3691 596 3756 l.
615 3715 666 3758 rr.
998 3697 1035 3762 in
1059 3712 1171 3788 satyra
1195 3719 1283 3762 uere.
1305 3694 1361 3780 45:
1387 3719 1534 3764 numan·

421 3787 424 3794 '
470 3777 524 3875 (a)
543 3783 721 3850 Panaetius
731 3781 874 3854 rhodius
884 3783 953 3852 ho-
998 3793 1089 3856 tinus
1113 3783 1465 3879 libycosque-Scipio·
1480 3787 1534 3882 qui

423 3895 500 4032 ml
518 3873 953 4038 οᾳπΐιᾞιιὶδεὶῑῖἰοηὶὲὼ·
999 3879 1125 3990 rhodio
1137 3884 1246 3950 creuit
1249 3885 1438 3986 scrutante
1457 3901 1534 3946 mo·

489 3987 661 4033 ramur.
711 3990 829 4034 esur
886 3993 956 4036 rce-
1036 3985 1151 4042 ron..
1275 3987 1278 3995 ’
1410 4023 1413 4032 .

424 4074 464 4124 ro
482 4057 574 4129 acad,
596 4077 651 4126 tv.
666 3989 773 4148 milis.
788 4077 842 4126 tv.
856 4084 891 4151 9,
910 4061 955 4128 ad
997 3998 1099 4156 ⁶·'(2’a)
1123 4063 1323 4134 Panaetium
1347 4065 1401 4130 rei
1430 4077 1533 4130 astro·

423 4143 494 4216 Διί.
510 4159 564 4216 131.
585 4175 636 4232 ra,
649 4173 711 4241 pro
732 4151 825 4217 Mur.
842 4172 954 4228 mn
998 4150 1127 4247 logicae
1144 4155 1238 4224 haud
1257 4157 1415 4248 ignarum
1437 4153 1532 4220 fuisse

424 4237 648 4330 Symmachus
681 4267 735 4332 ep.
766 4243 795 4307 Ι.
824 4269 861 4310 nr
887 4251 896 4324 ᾖ
922 4260 956 4311 et
1001 4253 1042 4313 eo
1089 4248 1234 4316 oscimus
1252 4247 1353 4314 etiam
1370 4243 1528 4314 dediuin.

424 4325 519 4399 leud-
542 4332 579 4402 in
603 4335 664 4403 Gr.
693 4353 771 4410 vm
803 4333 955 4404 Velleius
1001 4339 1029 4404 Ι.
1067 4331 1529 4432 .7,11.42;etrt;1).11.4u

426 4419 456 4489 1·
478 4421 531 4505 13;
548 4423 752 4504 Plutarchus
764 4425 960 4525 quodpbi«
1001 4431 1153 4531 tanqu
1174 4433 1327 4528 nequitur
1358 4450 1466 4503 sermo
1487 4426 1527 4493 de
