3276 5660
419 479 512 579 ato
765 493 830 573 on
862 479 924 570 ito
956 469 1186 576 citimi

415 655 491 711 uon
515 649 627 730 posse
652 625 832 727 reperiri.
859 625 985 726 Deque
1008 623 1067 698 his
1096 621 1204 697 rebu's
1234 621 1322 696 satis
1350 621 1467 696 multa
1491 621 1536 700 in

416 750 555 826 nostris
589 747 634 823 de
664 773 702 822 re
725 744 879 849 publica
894 744 1000 820 libris
1029 757 1114 819 sunt
1143 741 1286 820 dictoa
1313 742 1439 818 Laelio
1456 737 1535 815 (θ’.

411 869 558 956 Cicero
583 869 632 944 de
648 871 728 964 fin.
745 869 804 942 II.
819 871 879 944 18.

494 991 571 1087 Si,
599 1003 641 1066 ut
660 1013 728 1062 nos
747 1014 769 1062 a
788 999 824 1062 te
842 985 1115 1082 admonemur,
1136 999 1235 1060 recte
1259 985 1299 1058 in
1321 984 1397 1059 illis
1424 983 1528 1060 libris

416 1113 582 1188 diximus
597 1107 614 1204 ‚‘
638 1108 731 1184 nihil
756 1133 834 1182 esse
856 1107 998 1182 bonum
1015 1108 1087 1182 nisi
1107 1107 1210 1209 quod
1224 1107 1422 1182 honesturn
1437 1137 1448 1200 ς
1466 1106 1531 1179 ni·
1625 1105 1626 1126 ¹

306 1251 309 1258 ’
412 1234 467 1312 hil
482 1231 626 1312 malum
639 1230 710 1306 nisi
728 1228 832 1331 quod
849 1229 1015 1331 turpesit
1034 1234 1105 1300 (2).
1134 1230 1269 1305 Cicero
1284 1232 1341 1324 od
1352 1227 1479 1308 Atti.
1493 1227 1531 1320 4.

490 1358 664 1440 XXVII.
681 1358 817 1428 Laetor
827 1349 980 1453 probari
999 1339 1204 1428 tibitvmiv
1220 1374 1297 1424 esse
1311 1345 1369 1414 riv
1388 1346 1468 1434 πρδς
1492 1339 1532 1409 τὰ
1625 1407 1626 1412 ,

346 1572 353 1584 .
412 1477 536 1578 eitue3
558 1479 696 1572 etenim
720 1475 752 1552 si
779 1472 871 1546 haec
892 1496 969 1546 non
989 1484 1046 1544 est
1063 1523 1084 1584 ‚N
1103 1465 1205 1542 nulla
1233 1449 1371 1570 §otest
1385 1461 1533 1537 homini
1625 1503 1626 1536 1

413 1635 492 1683 esse
514 1603 562 1678 ad
581 1600 774 1676 hominem
794 1609 943 1670 naturae
959 1591 1172 1684 adiuncti03
1195 1615 1270 1692 qua
1288 1583 1459 1680 sublata,
1473 1583 1532 1660 ui·

415 1741 474 1806 tae
492 1725 649 1802 societas
665 1721 830 1799 tollitur.
854 1719 950 1792 Bene
966 1713 1135 1808 eueniat,
1168 1709 1289 1811 inquit
1304 1707 1533 1782 Carneades:

417 1877 575 1956 spurce3
599 1845 665 1923 sed
699 1859 824 1919 tamen
847 1835 1064 1941 prudentius
1090 1857 1204 1937 quam
1238 1829 1377 1904 Lucius
1406 1844 1535 1904 noster

415 1993 455 2053 et
478 1978 618 2050 Patrue
645 1951 710 2068 qui
732 1989 819 2038 cum
845 1959 971 2036 omnia
996 1958 1046 2033 ad
1070 1984 1107 2033 se
1123 1955 1306 2050 reserant,
1331 1950 1537 2054 quidquam
1625 2041 1626 2062 Χ

417 2093 566 2170 alterius
592 2113 701 2166 causa
717 2085 796 2164 fieri
822 2072 987 2186 putent?
1009 2093 1047 2154 et
1072 2103 1159 2156 cum
1185 2104 1228 2156 ea
1252 2097 1290 2150 rc
1307 2074 1452 2150 bonum
1475 2071 1537 2148 ui.

416 2243 504 2295 rum
518 2226 686 2318 oportem
703 2235 781 2286 esse
800 2205 956 2300 dicant,
978 2230 1024 2277 nc
1041 2199 1184 2288 malum
1201 2197 1355 2293 habeat,
1374 2221 1451 2272 non
1461 2220 1538 2298 quo

417 2341 461 2416 id
488 2351 618 2414 natura
644 2345 789 2408 rectum
817 2329 896 2426 sit,
926 2352 1002 2405 uon
1026 2323 1240 2421 intellegunt
1260 2347 1298 2396 sc
1328 2315 1538 2400 decailido

419 2463 573 2537 bomine
596 2457 701 2558 loqui
721 2511 733 2549 ,
758 2479 835 2533 uon
856 2451 902 2524 de
930 2451 1032 2553 bono
1060 2447 1168 2520 uiro.
1193 2442 1266 2518 sed
1291 2443 1384 2517 baec
1401 2440 1538 2543 opinor

422 2598 509 2658 aunt
539 2580 578 2652 in
608 2577 654 2648 iis
679 2571 785 2648 libris
814 2627 827 2666 ‚
857 2596 952 2674 quos
980 2584 1021 2643 tu
1051 2565 1239 2673 laudando
1268 2565 1410 2640 animos
1439 2561 1538 2636 mihi

239 2791 244 2801 Ι
375 2683 377 2689 ’
426 2692 692 2782 tutiusne).
720 2691 855 2768 cicero
874 2691 927 2764 aa
953 2687 1038 2768 Aa.
1055 2716 1140 2764 m.
1158 2711 1198 2764 α.

503 2825 549 2898 In
567 2817 701 2923 quibus
717 2812 925 2905 assentior,
951 2805 1149 2882 sollicitam
1165 2819 1202 2878 ct
1220 2808 1266 2877 (a)
1284 2800 1535 2907 perictdosam

322 2993 332 3004 ·
421 2945 603 3024 iustitiam
624 2964 701 3020 nou
718 2961 796 3016 csse
819 2931 993 3038 sapientis
1011 2928 1057 3002 (ὅ)
1075 2983 1086 3010 ,
1106 2931 1337 3014 Priscianus
1352 2929 1536 3008 lime.

420 3083 464 3173 ρ.
476 3073 567 3158 801.
815 3073 816 3076 ’
1119 3077 1123 3084 ·

463 3247 511 3316 (a)
536 3239 614 3299 Edd.
632 3243 669 3298 et.
713 3236 759 3312 (b)
780 3231 861 3289 Haec
877 3223 1018 3284 uidentur
1040 3240 1101 3282 esse
1124 3230 1226 3281 contra
1247 3231 1338 3300 capnt
1353 3233 1535 3300 postremum

421 3323 565 3386 emtionis
583 3319 790 3386 cameadeae,
824 3310 906 3390 quod
922 3307 1035 3368 iustitia
1056 3307 1095 3364 sit
1116 3304 1210 3366 utenti
1227 3304 1353 3366 molesta
1372 3315 1402 3363 et
1417 3305 1537 3384 pericu·-

420 3403 505 3468 losa.
530 3405 591 3466 Etsi
609 3417 707 3462 autem
724 3395 890 3460 Priscianus
918 3393 990 3452 citat
1008 3387 1212 3449 tantummodo
1228 3388 1404 3448 Ciceronem
1421 3389 1459 3446 de
1474 3407 1537 3464 rep.

420 3489 486 3552 sine
508 3487 578 3549 libri
595 3497 689 3556 nota,
708 3497 805 3542 tamen
826 3477 897 3557 quin
913 3476 953 3533 ad
976 3474 1096 3544 tertium
1112 3473 1223 3534 librum
1239 3473 1314 3533 haee
1329 3471 1423 3531 uerba
1440 3471 1536 3552 perti-

422 3583 532 3646 neant,
557 3590 646 3634 nemo
666 3563 838 3626 dubitabit.

468 3703 524 3800 (ι.)
544 3706 666 3774 Cioero
678 3700 832 3792 exprimit
844 3695 958 3786 priore
1002 3691 1099 3780 rtet,
1122 3719 1243 3786 nempe
1267 3719 1286 3763 a
1305 3719 1377 3785 cap.
1398 3713 1532 3763 xvrnt.

423 3815 521 3894 parte
552 3795 673 3862 thesim
708 3818 747 3861 ex
776 3789 959 3862 Carneadis
1005 3809 1079 3881 sqq.
1625 3781 1626 3858 J

421 3915 483 3962 eeu
507 3885 600 3957 Phiii
630 3885 803 3966 oratione,
839 3898 956 3974 poste·
1037 3878 1090 3971 (a)
1103 3879 1163 3946 His
1173 3879 1287 3945 uerbis
1299 3881 1419 3949 Cicero
1432 3900 1535 3966 repe-
1625 3929 1626 3942 ,

326 4064 328 4066 ,
421 3985 509 4050 irione
540 3997 652 4050 autem
680 3995 774 4069 parte
805 3975 957 4046 curatam
1002 3973 1044 4038 tit
1068 3973 1267 4046 sententiam
1290 3973 1326 4046 tn
1349 3971 1446 4036 libris
1470 3991 1533 4058 po·
1625 3961 1626 3966 ’

422 4071 571 4142 aLaelio
590 4070 845 4140 refutationem.
859 4068 953 4150 Qua·
998 4061 1101 4129 liticio
1124 4063 1323 4155 iampridem
1346 4087 1364 4128 a
1388 4085 1423 4130 se
1447 4059 1533 4127 sc'ri·

420 4189 459 4233 re
482 4167 549 4234 hoe
576 4160 851 4250 ἐπισπωμένων
875 4181 956 4246 sup·
1002 4163 1117 4248 ptam.
1163 4227 1166 4234 ¹

421 4257 588 4348 plementi
616 4254 749 4321 uicibus
771 4251 849 4358 baie
872 4243 953 4313 sun·
1045 4245 1099 4340 (3)
1123 4247 1194 4314 Hac
1231 4244 1395 4336 epistulae
1437 4259 1533 4335 parte

421 4363 672 4440 gatur5contra
696 4360 856 4413 orationis
872 4363 954 4407 oar·
1001 4341 1167 4408 contineri
1195 4341 1410 4411 sententiare
1435 4338 1533 4402 tertio

420 4443 567 4518 uectem
599 4455 722 4542 partae.
739 4433 809 4530 rapi
835 4449 961 4518 φιλιυιι
1003 4435 1130 4529 (irrep.
1143 4433 1316 4535 decerptas
1330 4451 1534 4521 ‚nemonou
