3286 5658
153 523 573 807 fument
625 483 1196 732 eruamur-3⁹⁵.

326 813 426 966 nn
475 877 567 966 aa
617 819 962 966 avantot

500 1112 791 1180 urnaar·
921 1175 923 1180 .
1319 1117 1324 1124 '

111 1353 145 1427 1.
170 1260 378 1467 Quando
398 1377 454 1428 tes
470 1349 622 1454 publiea
636 1373 791 1428 romana
805 1376 881 1426 non
896 1349 971 1426 iam
987 1353 1146 1456 pessima
1163 1381 1208 1436 ae

84 1473 374 1574 flagitiosissima
391 1473 455 1550 aad
470 1475 625 1554 omnino
641 1474 741 1552 nulla
755 1490 855 1572 erat,
876 1477 1081 1556 seeundum
1096 1481 1208 1566 istam

84 1597 276 1676 rationem
293 1621 410 1702 'quam
432 1597 641 1714 ¹disputatis,
653 1597 705 1676 de·
718 1625 757 1676 re
771 1598 924 1702 publiea
939 1600 1035 1682 inter
1058 1615 1209 1702 magnos

88 1733 167 1810 eius
187 1748 273 1810 tum
294 1732 482 1836 principes
504 1731 629 1810 habita
646 1735 844 1834 patefecit.
872 1735 976 1812 Sicut
999 1735 1111 1810 etiam
1130 1736 1211 1837 ipat

90 1855 238 1936 Tullius
255 1883 332 1932 non
349 1856 535 1958 Scipionis
546 1879 619 1932 nec
637 1857 855 1958 cuiusquam
874 1857 1044 1949 alterius,
1066 1855 1130 1952 sed
1143 1881 1212 1932 suo

87 1983 263 2056 sermone
288 1977 442 2082 loquens
466 1978 504 2052 in
520 1977 707 2078 principio
734 1977 855 2079 quinti
873 1977 959 2052 libri
980 1975 1214 2052 demonstra·

91 2111 150 2184 sit
169 2115 246 2208 (a),
275 2101 580 2186 commemoratu
592 2107 697 2212 prius
719 2107 830 2184 Ennii
856 2117 992 2208 poetae
1008 2131 1114 2182 uersu
1136 2130 1211 2210 quo

93 2229 269 2325 dixerat,
578 2329 580 2334 Ι
885 2245 889 2254 “

148 2347 320 2426 Moribus
334 2350 491 2452 antiquis
505 2374 561 2424 res
582 2359 655 2423 stat
668 2349 822 2422 romana
834 2347 997 2452 uirisque
1009 2353 1056 2421 (¹)
1071 2381 1081 2421 ε
1119 2351 1124 2364 ’

95 2495 216 2577 quem
234 2468 387 2572 quidem
410 2469 473 2548 ille
496 2491 668 2564 uersum,
689 2469 836 2570 inquit,
864 2469 921 2542 uel
950 2469 1128 2546 breuitate
1156 2469 1217 2548 uel

98 2593 258 2669 ueritate
276 2603 469 2694 tamquam
494 2617 540 2671 ex
559 2591 711 2668 oraculo
733 2592 824 2665 milri
851 2591 1017 2694 quodam
1033 2619 1109 2668 esse
1133 2590 1221 2666 effa·

92 2731 156 2794 tua
175 2708 356 2790 uidetur.
388 2713 486 2789 Nam
503 2739 620 2816 neque
636 2711 707 2790 uiri
723 2769 734 2808 ,
764 2713 833 2790 nisi
850 2715 899 2790 ita
918 2726 1063 2794 morata
1088 2713 1221 2793 ciuitas

92 2837 253 2926 fuisset,
273 2857 392 2936 neque
410 2861 533 2910 mores
551 2835 621 2908 nisi
639 2833 679 2907 hi
696 2833 766 2906 uiri
779 2836 1042 2936 praefuissent,
1061 2849 1124 2910 aut
1137 2833 1221 2908 vluna

91 2959 183 3036 <lare
201 2967 267 3032 aut
289 2955 430 3030 tamdiu
455 2967 574 3026 tenere
594 2953 800 3053 potuissent
815 2969 956 3032 tantam
969 2971 1006 3032 et
1026 2971 1102 3034 tam
1126 2955 1222 3044 iuste

90 3079 245 3180 lateque
268 3073 515 3174 imperantem
544 3069 858 3170 rempublicam.
891 3075 1021 3174 Itaque
1039 3087 1122 3146 ante
1147 3103 1220 3148 no-

99 3211 226 3276 stram
242 3187 491 3284 memoriam,
517 3203 556 3263 et
574 3213 659 3266 mos
679 3190 759 3292 ipae
774 3191 916 3293 patrius
932 3207 1156 3296 praestantes
1167 3195 1225 3270 ui·

96 3345 163 3398 ros
182 3311 384 3391 adhibebat
400 3365 412 3406 ‚
429 3323 468 3386 et
483 3319 645 3386 ueterem
668 3335 815 3408 murena
840 3337 884 3386 ae
903 3315 1091 3392 maiorum
1110 3316 1223 3391 insti-

96 3453 184 3532 tuta
200 3433 405 3512 retinebant
420 3431 638 3511 excellentes
656 3429 748 3508 uiri.
766 3429 903 3514 Nostra
920 3463 1009 3512 uero
1028 3452 1125 3514 aetas
1138 3463 1227 3514 cum

94 3585 181 3637 rem
193 3555 390 3660 publicam
402 3557 500 3632 sieut
510 3555 697 3658 picturam
712 3557 912 3660 accepisset
926 3559 1106 3658 egregiam
1120 3613 1131 3652 ‚
1159 3561 1226 3637 sed

95 3681 179 3759 iam
204 3693 483 3755 euanescentem
510 3687 690 3754 uetustate
702 3677 748 3746 (Ἰ)
767 3701 844 3752 non
866 3677 1088 3755 medaeam
1116 3679 1226 3756 οοΙο·Ι

142 3875 194 3944 (a)
216 3865 366 3928 Sielnnbet
380 3867 598 3928 demonstrauit
607 3841 701 3936 editio
719 3858 880 3938 Augustini
896 3861 1090 3934 louaniensis;
1100 3873 1131 3920 at
1145 3865 1224 3922 aliae

104 3961 171 4010 tres
200 3961 350 4016 testatur.
377 3952 412 4008 ln
430 3969 496 4006 msa.
515 3945 593 4006 nihil
611 3958 655 4004 ast
665 3987 677 4018 ,
694 3941 763 4022 quia
778 3943 1015 4032 subintelligitur
1032 3947 1154 4008 uerbum
1166 3967 1229 4034 Pa?

102 4038 232 4111 refecit,
258 4047 291 4094 ut
308 4035 468 4094 obseruant
496 4025 642 4116 Maurini.
966 4028 972 4038 “

102 4241 107 4248 .
155 4175 216 4276 (t)
239 4177 336 4248 tatem
348 4179 408 4249 bie
421 4201 542 4248 uersus
556 4192 648 4245 extat
737 4173 791 4270 (a)
816 4177 947 4248 Lotum
974 4206 994 4249 a
1020 4183 1134 4251 uerbis
1157 4211 1228 4255 no-

103 4277 146 4342 in
171 4269 317 4358 epistula
337 4273 397 4338 ·M·
414 4270 548 4342 Aurelii
566 4271 647 4359 imp.
686 4285 763 4338 atra
791 4293 874 4342 uero
896 4291 1000 4342 aetas
1024 4299 1130 4366 nsque
1157 4278 1227 4346 hue

102 4361 206 4454 apud
218 4359 582 4444 VulcatiumittCasaii
594 4363 650 4432 tti-
687 4365 774 4431 citat
796 4365 953 4454 eqninto
971 4369 1013 4434 de
1032 4391 1104 4456 rep.
1124 4373 1227 4438 etiam

103 4474 143 4528 ta
170 4473 248 4546 cap.
270 4471 312 4552 tr.¹
688 4456 821 4530 Nonius
858 4479 935 4530 uae.
971 4485 1128 4543 uertant
1158 4465 1229 4536 aaed
