<?xml version="1.0" encoding="UTF-8"?>
<!DOCTYPE html PUBLIC "-//W3C//DTD XHTML 1.0 Transitional//EN"
    "http://www.w3.org/TR/xhtml1/DTD/xhtml1-transitional.dtd">
<html xmlns="http://www.w3.org/1999/xhtml" xml:lang="en" lang="en">
 <head>
  <title>
</title>
<meta http-equiv="Content-Type" content="text/html;charset=utf-8" />
  <meta name='ocr-system' content='tesseract 3.04.00' />
  <meta name='ocr-capabilities' content='ocr_page ocr_carea ocr_par ocr_line ocrx_word'/>
</head>
<body>
  <div class='ocr_page' id='page_1' title='image "./mtulliciceronis00maigoog_0357.png"; bbox 0 0 3286 5658; ppageno 0'>
   <div class='ocr_carea' id='block_1_1' title="bbox 406 495 1518 980">
    <p class='ocr_par' dir='ltr' id='par_1_1' title="bbox 406 495 1518 980">
     <span class='ocr_line' id='line_1_1' title="bbox 413 495 1171 585; baseline -0.001 -5"><span class='ocrx_word' id='word_1_1' title='bbox 413 495 502 585; x_wconf 81' lang='lat'>288</span> <span class='ocrx_word' id='word_1_2' title='bbox 744 513 807 578; x_wconf 83' lang='lat' dir='ltr'>ur</span> <span class='ocrx_word' id='word_1_3' title='bbox 838 515 900 578; x_wconf 83' lang='lat' dir='ltr'>nr</span> <span class='ocrx_word' id='word_1_4' title='bbox 933 515 1171 582; x_wconf 75' lang='lat' dir='ltr'>rvarrcr</span> 
     </span>
     <span class='ocr_line' id='line_1_2' title="bbox 477 609 1516 734; baseline 0.004 -26"><span class='ocrx_word' id='word_1_5' title='bbox 477 633 594 733; x_wconf 87' lang='lat' dir='ltr'>Negat</span> <span class='ocrx_word' id='word_1_6' title='bbox 607 627 738 708; x_wconf 83' lang='lat' dir='ltr'>Cicero</span> <span class='ocrx_word' id='word_1_7' title='bbox 769 632 800 706; x_wconf 87' lang='lat' dir='ltr'>si</span> <span class='ocrx_word' id='word_1_8' title='bbox 826 627 1035 734; x_wconf 80' lang='lat' dir='ltr'><strong>duplicetur</strong></span> <span class='ocrx_word' id='word_1_9' title='bbox 1056 631 1128 706; x_wconf 88' lang='lat' dir='ltr'>sibi</span> <span class='ocrx_word' id='word_1_10' title='bbox 1141 625 1144 632; x_wconf 48' lang='lat'><strong>⁴</strong></span> <span class='ocrx_word' id='word_1_11' title='bbox 1157 645 1280 728; x_wconf 68' lang='lat' dir='ltr'>aens,</span> <span class='ocrx_word' id='word_1_12' title='bbox 1301 609 1516 712; x_wconf 75' lang='lat' dir='ltr'>babitumln</span> 
     </span>
     <span class='ocr_line' id='line_1_3' title="bbox 406 753 1440 859; baseline -0.001 -28"><span class='ocrx_word' id='word_1_13' title='bbox 406 781 444 832; x_wconf 90' lang='lat' dir='ltr'>se</span> <span class='ocrx_word' id='word_1_14' title='bbox 463 771 608 859; x_wconf 83' lang='lat' dir='ltr'>tempus</span> <span class='ocrx_word' id='word_1_15' title='bbox 625 781 700 858; x_wconf 91' lang='lat' dir='ltr'>quo</span> <span class='ocrx_word' id='word_1_16' title='bbox 716 753 812 854; x_wconf 87' lang='lat' dir='ltr'>legat</span> <span class='ocrx_word' id='word_1_17' title='bbox 826 753 987 855; x_wconf 83' lang='lat' dir='ltr'>lyricos.</span> <span class='ocrx_word' id='word_1_18' title='bbox 1004 753 1153 834; x_wconf 82' lang='lat' dir='ltr'><strong><em>Seneca</em></strong></span> <span class='ocrx_word' id='word_1_19' title='bbox 1174 783 1234 856; x_wconf 87' lang='lat' dir='ltr'>ep.</span> <span class='ocrx_word' id='word_1_20' title='bbox 1252 781 1354 834; x_wconf 77' lang='lat' dir='ltr'>retr</span> <span class='ocrx_word' id='word_1_21' title='bbox 1370 761 1440 830; x_wconf 67' lang='lat'>(⁰).</span> 
     </span>
     <span class='ocr_line' id='line_1_4' title="bbox 448 875 1518 980; baseline 0.006 -32"><span class='ocrx_word' id='word_1_22' title='bbox 448 941 452 948; x_wconf 91' lang='lat'>.</span> <span class='ocrx_word' id='word_1_23' title='bbox 494 880 546 954; x_wconf 90' lang='lat' dir='ltr'>X.</span> <span class='ocrx_word' id='word_1_24' title='bbox 573 875 687 954; x_wconf 82' lang='lat' dir='ltr'><em>Sicut</em></span> <span class='ocrx_word' id='word_1_25' title='bbox 712 877 818 980; x_wconf 86' lang='lat' dir='ltr'>apud</span> <span class='ocrx_word' id='word_1_26' title='bbox 847 877 1066 954; x_wconf 81' lang='lat' dir='ltr'><strong><em>Ciceronem</em></strong></span> <span class='ocrx_word' id='word_1_27' title='bbox 1089 877 1222 979; x_wconf 79' lang='lat' dir='ltr'><em>Scipio</em></span> <span class='ocrx_word' id='word_1_28' title='bbox 1247 877 1420 979; x_wconf 84' lang='lat' dir='ltr'>loquitur</span> <span class='ocrx_word' id='word_1_29' title='bbox 1442 878 1518 954; x_wconf 72' lang='lat' dir='ltr'>(lte</span> 
     </span>
    </p>
   </div>
   <div class='ocr_carea' id='block_1_2' title="bbox 357 1068 1539 4473">
    <p class='ocr_par' dir='ltr' id='par_1_2' title="bbox 357 1068 1539 4473">
     <span class='ocr_line' id='line_1_5' title="bbox 404 1068 1519 1146; baseline 0.001 -20"><span class='ocrx_word' id='word_1_30' title='bbox 404 1077 419 1144; x_wconf 83' lang='lat'>(</span> <span class='ocrx_word' id='word_1_31' title='bbox 430 1089 554 1146; x_wconf 86' lang='lat' dir='ltr'>namque</span> <span class='ocrx_word' id='word_1_32' title='bbox 564 1068 595 1126; x_wconf 91' lang='lat' dir='ltr'>in</span> <span class='ocrx_word' id='word_1_33' title='bbox 604 1071 719 1127; x_wconf 85' lang='lat' dir='ltr'>Donato</span> <span class='ocrx_word' id='word_1_34' title='bbox 736 1087 792 1146; x_wconf 87' lang='lat' dir='ltr'>pro</span> <span class='ocrx_word' id='word_1_35' title='bbox 802 1071 925 1129; x_wconf 68' lang='lat' dir='ltr'>tati-nem</span> <span class='ocrx_word' id='word_1_36' title='bbox 936 1074 1025 1128; x_wconf 84' lang='lat' dir='ltr'>Pium</span> <span class='ocrx_word' id='word_1_37' title='bbox 1033 1069 1164 1128; x_wconf 82' lang='lat' dir='ltr'>scribere</span> <span class='ocrx_word' id='word_1_38' title='bbox 1174 1068 1313 1126; x_wconf 87' lang='lat' dir='ltr'>debemus</span> <span class='ocrx_word' id='word_1_39' title='bbox 1321 1073 1446 1127; x_wconf 74' lang='lat' dir='ltr'>Herium</span> <span class='ocrx_word' id='word_1_40' title='bbox 1457 1073 1519 1127; x_wconf 86' lang='lat' dir='ltr'>Pi·</span> 
     </span>
     <span class='ocr_line' id='line_1_6' title="bbox 405 1149 1517 1230; baseline -0.004 -18"><span class='ocrx_word' id='word_1_41' title='bbox 405 1155 488 1225; x_wconf 87' lang='lat' dir='ltr'>lnm)</span> <span class='ocrx_word' id='word_1_42' title='bbox 503 1152 585 1230; x_wconf 89' lang='lat' dir='ltr'>apud</span> <span class='ocrx_word' id='word_1_43' title='bbox 601 1153 1021 1230; x_wconf 83' lang='lat' dir='ltr'>Saresberiensemautenripei</span> <span class='ocrx_word' id='word_1_44' title='bbox 1039 1153 1085 1210; x_wconf 92' lang='lat' dir='ltr'>illi</span> <span class='ocrx_word' id='word_1_45' title='bbox 1103 1154 1226 1210; x_wconf 79' lang='lat' dir='ltr'>fortasse</span> <span class='ocrx_word' id='word_1_46' title='bbox 1245 1149 1360 1208; x_wconf 81' lang='lat' dir='ltr'>nobiles</span> <span class='ocrx_word' id='word_1_47' title='bbox 1371 1154 1517 1208; x_wconf 84' lang='lat' dir='ltr'>cornicum</span> 
     </span>
     <span class='ocr_line' id='line_1_7' title="bbox 403 1233 1520 1315; baseline -0.007 -19"><span class='ocrx_word' id='word_1_48' title='bbox 403 1235 459 1296; x_wconf 84' lang='lat' dir='ltr'>sibi</span> <span class='ocrx_word' id='word_1_49' title='bbox 477 1235 596 1315; x_wconf 85' lang='lat' dir='ltr'>placere</span> <span class='ocrx_word' id='word_1_50' title='bbox 617 1235 715 1292; x_wconf 86' lang='lat' dir='ltr'>aiunt.</span> <span class='ocrx_word' id='word_1_51' title='bbox 739 1237 873 1314; x_wconf 87' lang='lat' dir='ltr'>Denique</span> <span class='ocrx_word' id='word_1_52' title='bbox 896 1247 983 1312; x_wconf 88' lang='lat' dir='ltr'>auget</span> <span class='ocrx_word' id='word_1_53' title='bbox 999 1235 1196 1312; x_wconf 80' lang='lat' dir='ltr'>smpicionem</span> <span class='ocrx_word' id='word_1_54' title='bbox 1212 1255 1307 1293; x_wconf 90' lang='lat' dir='ltr'>meam</span> <span class='ocrx_word' id='word_1_55' title='bbox 1327 1277 1336 1303; x_wconf 92' lang='lat'>,</span> <span class='ocrx_word' id='word_1_56' title='bbox 1362 1235 1444 1310; x_wconf 89' lang='lat' dir='ltr'>quod</span> <span class='ocrx_word' id='word_1_57' title='bbox 1461 1233 1520 1288; x_wconf 89' lang='lat' dir='ltr'>illa</span> 
     </span>
     <span class='ocr_line' id='line_1_8' title="bbox 401 1316 1521 1392; baseline -0.004 -14"><span class='ocrx_word' id='word_1_58' title='bbox 401 1320 515 1385; x_wconf 79' lang='lat' dir='ltr'>mentio</span> <span class='ocrx_word' id='word_1_59' title='bbox 538 1317 694 1376; x_wconf 87' lang='lat' dir='ltr'>terentiani</span> <span class='ocrx_word' id='word_1_60' title='bbox 719 1317 833 1377; x_wconf 85' lang='lat' dir='ltr'>iuuenis</span> <span class='ocrx_word' id='word_1_61' title='bbox 855 1328 901 1390; x_wconf 88' lang='lat' dir='ltr'>(a</span> <span class='ocrx_word' id='word_1_62' title='bbox 927 1318 1139 1378; x_wconf 76' lang='lat' dir='ltr'>saresberiensi</span> <span class='ocrx_word' id='word_1_63' title='bbox 1167 1317 1279 1388; x_wconf 87' lang='lat' dir='ltr'>citata)</span> <span class='ocrx_word' id='word_1_64' title='bbox 1298 1316 1328 1372; x_wconf 89' lang='lat' dir='ltr'>in</span> <span class='ocrx_word' id='word_1_65' title='bbox 1346 1329 1452 1392; x_wconf 85' lang='lat' dir='ltr'>quarto</span> <span class='ocrx_word' id='word_1_66' title='bbox 1478 1316 1521 1374; x_wconf 86' lang='lat' dir='ltr'>de</span> 
     </span>
     <span class='ocr_line' id='line_1_9' title="bbox 404 1400 1519 1481; baseline -0.004 -20"><span class='ocrx_word' id='word_1_67' title='bbox 404 1423 468 1481; x_wconf 89' lang='lat' dir='ltr'>rep.</span> <span class='ocrx_word' id='word_1_68' title='bbox 482 1400 632 1472; x_wconf 84' lang='lat' dir='ltr'>extiterit,</span> <span class='ocrx_word' id='word_1_69' title='bbox 646 1401 730 1461; x_wconf 85' lang='lat' dir='ltr'>locus</span> <span class='ocrx_word' id='word_1_70' title='bbox 746 1401 822 1460; x_wconf 86' lang='lat' dir='ltr'>alius</span> <span class='ocrx_word' id='word_1_71' title='bbox 838 1400 996 1477; x_wconf 73' lang='lat' dir='ltr'>Augustini</span> <span class='ocrx_word' id='word_1_72' title='bbox 1007 1421 1053 1480; x_wconf 90' lang='lat' dir='ltr'>ep.</span> <span class='ocrx_word' id='word_1_73' title='bbox 1066 1421 1131 1460; x_wconf 72' lang='lat' dir='ltr'>xer:</span> <span class='ocrx_word' id='word_1_74' title='bbox 1143 1407 1170 1470; x_wconf 74' lang='lat' dir='ltr'>i:</span> <span class='ocrx_word' id='word_1_75' title='bbox 1187 1406 1239 1459; x_wconf 90' lang='lat' dir='ltr'>illi</span> <span class='ocrx_word' id='word_1_76' title='bbox 1248 1403 1415 1459; x_wconf 78' lang='lat' dir='ltr'>doctissimi</span> <span class='ocrx_word' id='word_1_77' title='bbox 1432 1402 1498 1459; x_wconf 86' lang='lat' dir='ltr'>uiri</span> <span class='ocrx_word' id='word_1_78' title='bbox 1507 1439 1519 1468; x_wconf 83' lang='lat'><strong>,</strong></span> 
     </span>
     <span class='ocr_line' id='line_1_10' title="bbox 404 1481 1525 1564; baseline -0.004 -22"><span class='ocrx_word' id='word_1_79' title='bbox 404 1492 460 1564; x_wconf 90' lang='lat' dir='ltr'>qni</span> <span class='ocrx_word' id='word_1_80' title='bbox 480 1504 570 1563; x_wconf 83' lang='lat' dir='ltr'>remp·</span> <span class='ocrx_word' id='word_1_81' title='bbox 593 1491 798 1562; x_wconf 81' lang='lat' dir='ltr'>ciuitatemqne</span> <span class='ocrx_word' id='word_1_82' title='bbox 823 1495 969 1546; x_wconf 80' lang='lat' dir='ltr'>terrenam</span> <span class='ocrx_word' id='word_1_83' title='bbox 978 1526 988 1554; x_wconf 88' lang='lat'>‚</span> <span class='ocrx_word' id='word_1_84' title='bbox 1009 1487 1113 1562; x_wconf 81' lang='lat' dir='ltr'>qualis</span> <span class='ocrx_word' id='word_1_85' title='bbox 1131 1489 1174 1542; x_wconf 88' lang='lat' dir='ltr'>eis</span> <span class='ocrx_word' id='word_1_86' title='bbox 1190 1503 1255 1542; x_wconf 84' lang='lat' dir='ltr'>esse</span> <span class='ocrx_word' id='word_1_87' title='bbox 1269 1486 1375 1543; x_wconf 77' lang='lat' dir='ltr'>debere</span> <span class='ocrx_word' id='word_1_88' title='bbox 1390 1481 1525 1540; x_wconf 69' lang='lat' dir='ltr'>ridebe-</span> 
     </span>
     <span class='ocr_line' id='line_1_11' title="bbox 403 1565 1524 1645; baseline -0.003 -19"><span class='ocrx_word' id='word_1_89' title='bbox 403 1577 477 1636; x_wconf 83' lang='lat' dir='ltr'>tur,</span> <span class='ocrx_word' id='word_1_90' title='bbox 498 1573 595 1644; x_wconf 84' lang='lat' dir='ltr'>tnagis</span> <span class='ocrx_word' id='word_1_91' title='bbox 608 1571 776 1626; x_wconf 82' lang='lat' dir='ltr'>domesticis</span> <span class='ocrx_word' id='word_1_92' title='bbox 792 1567 1050 1645; x_wconf 75' lang='lat' dir='ltr'>disputationibus</span> <span class='ocrx_word' id='word_1_93' title='bbox 1073 1568 1282 1644; x_wconf 85' lang='lat' dir='ltr'>requirebant,</span> <span class='ocrx_word' id='word_1_94' title='bbox 1292 1571 1340 1625; x_wconf 91' lang='lat' dir='ltr'>nel</span> <span class='ocrx_word' id='word_1_95' title='bbox 1357 1572 1444 1623; x_wconf 80' lang='lat' dir='ltr'>etiam</span> <span class='ocrx_word' id='word_1_96' title='bbox 1460 1565 1524 1623; x_wconf 82' lang='lat' dir='ltr'>de-</span> 
     </span>
     <span class='ocr_line' id='line_1_12' title="bbox 404 1649 1525 1730; baseline -0.002 -22"><span class='ocrx_word' id='word_1_97' title='bbox 404 1650 589 1720; x_wconf 79' lang='lat' dir='ltr'>scribebant,</span> <span class='ocrx_word' id='word_1_98' title='bbox 607 1671 698 1730; x_wconf 78' lang='lat' dir='ltr'>petam</span> <span class='ocrx_word' id='word_1_99' title='bbox 711 1653 844 1730; x_wconf 75' lang='lat' dir='ltr'>publicis</span> <span class='ocrx_word' id='word_1_100' title='bbox 853 1653 1022 1709; x_wconf 82' lang='lat' dir='ltr'>actionibus</span> <span class='ocrx_word' id='word_1_101' title='bbox 1031 1649 1226 1709; x_wconf 79' lang='lat' dir='ltr'>instituebant</span> <span class='ocrx_word' id='word_1_102' title='bbox 1234 1649 1525 1730; x_wconf 70' lang='lat' dir='ltr'>etquesorrnabcnt,</span> 
     </span>
     <span class='ocr_line' id='line_1_13' title="bbox 402 1735 1522 1813; baseline -0.001 -21"><span class='ocrx_word' id='word_1_103' title='bbox 402 1737 539 1810; x_wconf 85' lang='lat' dir='ltr'>egregios</span> <span class='ocrx_word' id='word_1_104' title='bbox 560 1745 648 1812; x_wconf 84' lang='lat' dir='ltr'>utque</span> <span class='ocrx_word' id='word_1_105' title='bbox 664 1736 835 1792; x_wconf 73' lang='lat' dir='ltr'>laudabiles</span> <span class='ocrx_word' id='word_1_106' title='bbox 860 1752 937 1813; x_wconf 84' lang='lat' dir='ltr'>quos</span> <span class='ocrx_word' id='word_1_107' title='bbox 951 1735 1100 1811; x_wconf 81' lang='lat' dir='ltr'>putebant</span> <span class='ocrx_word' id='word_1_108' title='bbox 1116 1735 1275 1801; x_wconf 78' lang='lat' dir='ltr'>honines,</span> <span class='ocrx_word' id='word_1_109' title='bbox 1298 1738 1403 1811; x_wconf 85' lang='lat' dir='ltr'>potine</span> <span class='ocrx_word' id='word_1_110' title='bbox 1422 1753 1522 1810; x_wconf 79' lang='lat' dir='ltr'>quam</span> 
     </span>
     <span class='ocr_line' id='line_1_14' title="bbox 402 1816 1520 1895; baseline 0.001 -21"><span class='ocrx_word' id='word_1_111' title='bbox 402 1816 475 1874; x_wconf 80' lang='lat' dir='ltr'>deos</span> <span class='ocrx_word' id='word_1_112' title='bbox 499 1835 571 1876; x_wconf 80' lang='lat' dir='ltr'>euos</span> <span class='ocrx_word' id='word_1_113' title='bbox 592 1821 754 1876; x_wconf 84' lang='lat' dir='ltr'>imitandos</span> <span class='ocrx_word' id='word_1_114' title='bbox 774 1817 978 1895; x_wconf 80' lang='lat' dir='ltr'>proponebant</span> <span class='ocrx_word' id='word_1_115' title='bbox 1001 1817 1184 1876; x_wconf 76' lang='lat' dir='ltr'>erudimdue</span> <span class='ocrx_word' id='word_1_116' title='bbox 1207 1819 1307 1876; x_wconf 82' lang='lat' dir='ltr'>indoli</span> <span class='ocrx_word' id='word_1_117' title='bbox 1331 1823 1520 1876; x_wconf 88' lang='lat' dir='ltr'>iuuentutis.</span> 
     </span>
     <span class='ocr_line' id='line_1_15' title="bbox 404 1901 1525 1980; baseline 0.001 -22"><span class='ocrx_word' id='word_1_118' title='bbox 404 1903 562 1958; x_wconf 77' lang='lat' dir='ltr'>Etmcera</span> <span class='ocrx_word' id='word_1_119' title='bbox 571 1905 754 1960; x_wconf 84' lang='lat' dir='ltr'>terentianus</span> <span class='ocrx_word' id='word_1_120' title='bbox 768 1905 823 1960; x_wconf 89' lang='lat' dir='ltr'>ille</span> <span class='ocrx_word' id='word_1_121' title='bbox 837 1901 1030 1970; x_wconf 82' lang='lat' dir='ltr'>ndttlescens,</span> <span class='ocrx_word' id='word_1_122' title='bbox 1052 1906 1105 1980; x_wconf 89' lang='lat' dir='ltr'>qni</span> <span class='ocrx_word' id='word_1_123' title='bbox 1113 1913 1248 1976; x_wconf 81' lang='lat' dir='ltr'>spectans</span> <span class='ocrx_word' id='word_1_124' title='bbox 1257 1902 1390 1958; x_wconf 80' lang='lat' dir='ltr'>tabulam</span> <span class='ocrx_word' id='word_1_125' title='bbox 1404 1906 1525 1976; x_wconf 73' lang='lat' dir='ltr'>pictam</span> 
     </span>
     <span class='ocr_line' id='line_1_16' title="bbox 404 1982 1525 2062; baseline 0.003 -24"><span class='ocrx_word' id='word_1_126' title='bbox 404 1993 461 2041; x_wconf 81' lang='lat' dir='ltr'>etc</span> <span class='ocrx_word' id='word_1_127' title='bbox 481 1983 519 2038; x_wconf 89' lang='lat' dir='ltr'>Et</span> <span class='ocrx_word' id='word_1_128' title='bbox 535 1982 634 2040; x_wconf 86' lang='lat' dir='ltr'>statim</span> <span class='ocrx_word' id='word_1_129' title='bbox 649 1995 717 2061; x_wconf 89' lang='lat' dir='ltr'>post</span> <span class='ocrx_word' id='word_1_130' title='bbox 737 2007 744 2038; x_wconf 71' lang='grc' dir='ltr'><strong>ε</strong></span> <span class='ocrx_word' id='word_1_131' title='bbox 767 1987 830 2060; x_wconf 87' lang='lat' dir='ltr'>lege</span> <span class='ocrx_word' id='word_1_132' title='bbox 844 1989 892 2043; x_wconf 90' lang='lat' dir='ltr'>nel</span> <span class='ocrx_word' id='word_1_133' title='bbox 908 1989 1004 2044; x_wconf 87' lang='lat' dir='ltr'>recole</span> <span class='ocrx_word' id='word_1_134' title='bbox 1019 1991 1052 2044; x_wconf 89' lang='lat' dir='ltr'>in</span> <span class='ocrx_word' id='word_1_135' title='bbox 1067 1985 1177 2042; x_wconf 79' lang='lat' dir='ltr'>eisdem</span> <span class='ocrx_word' id='word_1_136' title='bbox 1197 1985 1286 2044; x_wconf 80' lang='lat' dir='ltr'>libris</span> <span class='ocrx_word' id='word_1_137' title='bbox 1310 1992 1324 2052; x_wconf 88' lang='lat'><strong>(</strong></span> <span class='ocrx_word' id='word_1_138' title='bbox 1343 1983 1381 2040; x_wconf 89' lang='lat' dir='ltr'>de</span> <span class='ocrx_word' id='word_1_139' title='bbox 1397 2001 1460 2062; x_wconf 87' lang='lat' dir='ltr'>rep.</span> <span class='ocrx_word' id='word_1_140' title='bbox 1483 1995 1525 2042; x_wconf 85' lang='lat' dir='ltr'>ut</span> 
     </span>
     <span class='ocr_line' id='line_1_17' title="bbox 403 2063 1528 2146; baseline 0.002 -25"><span class='ocrx_word' id='word_1_141' title='bbox 403 2063 576 2138; x_wconf 83' lang='lat' dir='ltr'>nontinatim</span> <span class='ocrx_word' id='word_1_142' title='bbox 586 2067 778 2142; x_wconf 85' lang='lat' dir='ltr'>appellantur</span> <span class='ocrx_word' id='word_1_143' title='bbox 787 2065 890 2143; x_wconf 90' lang='lat' dir='ltr'>priore</span> <span class='ocrx_word' id='word_1_144' title='bbox 903 2066 1047 2144; x_wconf 86' lang='lat' dir='ltr'>epistulae</span> <span class='ocrx_word' id='word_1_145' title='bbox 1056 2071 1165 2144; x_wconf 86' lang='lat' dir='ltr'>parte)</span> <span class='ocrx_word' id='word_1_146' title='bbox 1181 2087 1271 2146; x_wconf 79' lang='lat' dir='ltr'>qraarn</span> <span class='ocrx_word' id='word_1_147' title='bbox 1278 2065 1439 2143; x_wconf 73' lang='lat' dir='ltr'>prudenter</span> <span class='ocrx_word' id='word_1_148' title='bbox 1455 2067 1528 2123; x_wconf 83' lang='lat' dir='ltr'>dis-</span> 
     </span>
     <span class='ocr_line' id='line_1_18' title="bbox 381 2151 1528 2228; baseline 0.003 -23"><span class='ocrx_word' id='word_1_149' title='bbox 381 2153 393 2177; x_wconf 62' lang='lat'><em>*</em></span> <span class='ocrx_word' id='word_1_150' title='bbox 404 2160 542 2218; x_wconf 64' lang='lat' dir='ltr'>cancer,</span> <span class='ocrx_word' id='word_1_151' title='bbox 552 2153 637 2207; x_wconf 88' lang='lat' dir='ltr'>nullo</span> <span class='ocrx_word' id='word_1_152' title='bbox 654 2151 741 2210; x_wconf 76' lang='lat' dir='ltr'>inodo</span> <span class='ocrx_word' id='word_1_153' title='bbox 755 2156 890 2228; x_wconf 84' lang='lat' dir='ltr'>potuisse</span> <span class='ocrx_word' id='word_1_154' title='bbox 907 2157 1083 2228; x_wconf 74' lang='lat' dir='ltr'>scriptiones</span> <span class='ocrx_word' id='word_1_155' title='bbox 1099 2161 1128 2207; x_wconf 89' lang='lat' dir='ltr'>et</span> <span class='ocrx_word' id='word_1_156' title='bbox 1144 2156 1276 2208; x_wconf 80' lang='lat' dir='ltr'>actiones</span> <span class='ocrx_word' id='word_1_157' title='bbox 1295 2155 1387 2224; x_wconf 82' lang='lat' dir='ltr'>recipi</span> <span class='ocrx_word' id='word_1_158' title='bbox 1404 2169 1528 2208; x_wconf 83' lang='lat' dir='ltr'>comoe-</span> 
     </span>
     <span class='ocr_line' id='line_1_19' title="bbox 404 2232 1528 2310; baseline -0.002 -18"><span class='ocrx_word' id='word_1_159' title='bbox 404 2232 544 2303; x_wconf 81' lang='lat' dir='ltr'>diarum,</span> <span class='ocrx_word' id='word_1_160' title='bbox 565 2237 628 2292; x_wconf 87' lang='lat' dir='ltr'>nisi</span> <span class='ocrx_word' id='word_1_161' title='bbox 644 2253 740 2292; x_wconf 86' lang='lat' dir='ltr'>mores</span> <span class='ocrx_word' id='word_1_162' title='bbox 762 2239 965 2310; x_wconf 83' lang='lat' dir='ltr'>recipientium</span> <span class='ocrx_word' id='word_1_163' title='bbox 980 2245 1192 2294; x_wconf 75' lang='lat' dir='ltr'>consonarent.</span> <span class='ocrx_word' id='word_1_164' title='bbox 1210 2237 1261 2290; x_wconf 83' lang='lat' dir='ltr'>Ita</span> <span class='ocrx_word' id='word_1_165' title='bbox 1278 2237 1528 2292; x_wconf 78' lang='lat' dir='ltr'>clarissimorum</span> 
     </span>
     <span class='ocr_line' id='line_1_20' title="bbox 404 2317 1531 2394; baseline 0.004 -24"><span class='ocrx_word' id='word_1_166' title='bbox 404 2320 541 2374; x_wconf 81' lang='lat' dir='ltr'>uirorum</span> <span class='ocrx_word' id='word_1_167' title='bbox 559 2319 592 2372; x_wconf 87' lang='lat' dir='ltr'>in</span> <span class='ocrx_word' id='word_1_168' title='bbox 607 2337 669 2394; x_wconf 83' lang='lat' dir='ltr'>rep.</span> <span class='ocrx_word' id='word_1_169' title='bbox 687 2319 892 2378; x_wconf 71' lang='lat' dir='ltr'>excellentium</span> <span class='ocrx_word' id='word_1_170' title='bbox 913 2329 942 2376; x_wconf 84' lang='lat' dir='ltr'>et</span> <span class='ocrx_word' id='word_1_171' title='bbox 961 2317 1000 2375; x_wconf 79' lang='lat' dir='ltr'>de</span> <span class='ocrx_word' id='word_1_172' title='bbox 1024 2337 1087 2393; x_wconf 85' lang='lat' dir='ltr'>rep.</span> <span class='ocrx_word' id='word_1_173' title='bbox 1105 2319 1324 2393; x_wconf 81' lang='lat' dir='ltr'>disputantium</span> <span class='ocrx_word' id='word_1_174' title='bbox 1344 2323 1531 2374; x_wconf 82' lang='lat' dir='ltr'>auctoritate</span> 
     </span>
     <span class='ocr_line' id='line_1_21' title="bbox 392 2395 1532 2476; baseline -0.002 -20"><span class='ocrx_word' id='word_1_175' title='bbox 392 2395 544 2468; x_wconf 72' lang='lat' dir='ltr'>,firmetur</span> <span class='ocrx_word' id='word_1_176' title='bbox 562 2410 617 2454; x_wconf 88' lang='lat' dir='ltr'>etc.</span> <span class='ocrx_word' id='word_1_177' title='bbox 630 2399 710 2456; x_wconf 84' lang='lat' dir='ltr'>Fieri</span> <span class='ocrx_word' id='word_1_178' title='bbox 728 2413 824 2457; x_wconf 85' lang='lat' dir='ltr'>tamen</span> <span class='ocrx_word' id='word_1_179' title='bbox 839 2411 937 2475; x_wconf 81' lang='lat' dir='ltr'>potest</span> <span class='ocrx_word' id='word_1_180' title='bbox 949 2401 986 2456; x_wconf 79' lang='lat' dir='ltr'>nt&#39;</span> <span class='ocrx_word' id='word_1_181' title='bbox 1000 2399 1232 2459; x_wconf 76' lang='lat' dir='ltr'>saresberiensis</span> <span class='ocrx_word' id='word_1_182' title='bbox 1251 2419 1285 2456; x_wconf 85' lang='lat' dir='ltr'>ex</span> <span class='ocrx_word' id='word_1_183' title='bbox 1301 2397 1357 2456; x_wconf 87' lang='lat' dir='ltr'>bac</span> <span class='ocrx_word' id='word_1_184' title='bbox 1373 2398 1437 2476; x_wconf 85' lang='lat' dir='ltr'>ipse</span> <span class='ocrx_word' id='word_1_185' title='bbox 1456 2403 1532 2456; x_wconf 75' lang='lat' dir='ltr'>Au-</span> 
     </span>
     <span class='ocr_line' id='line_1_22' title="bbox 404 2467 1533 2558; baseline 0.001 -23"><span class='ocrx_word' id='word_1_186' title='bbox 404 2479 514 2554; x_wconf 81' lang='lat' dir='ltr'>gustini</span> <span class='ocrx_word' id='word_1_187' title='bbox 533 2479 660 2554; x_wconf 76' lang='lat' dir='ltr'>epistula</span> <span class='ocrx_word' id='word_1_188' title='bbox 677 2481 860 2540; x_wconf 73' lang='lat' dir='ltr'>occasionem</span> <span class='ocrx_word' id='word_1_189' title='bbox 877 2481 987 2558; x_wconf 85' lang='lat' dir='ltr'>ceperit</span> <span class='ocrx_word' id='word_1_190' title='bbox 1008 2467 1202 2540; x_wconf 79' lang='lat' dir='ltr'>connectendi</span> <span class='ocrx_word' id='word_1_191' title='bbox 1224 2483 1418 2541; x_wconf 75' lang='lat' dir='ltr'>terentianum</span> <span class='ocrx_word' id='word_1_192' title='bbox 1435 2481 1533 2538; x_wconf 81' lang='lat' dir='ltr'>iuue-</span> 
     </span>
     <span class='ocr_line' id='line_1_23' title="bbox 403 2558 1533 2642; baseline 0.001 -24"><span class='ocrx_word' id='word_1_193' title='bbox 403 2579 472 2619; x_wconf 88' lang='lat' dir='ltr'>nem</span> <span class='ocrx_word' id='word_1_194' title='bbox 490 2579 555 2620; x_wconf 90' lang='lat' dir='ltr'>cum</span> <span class='ocrx_word' id='word_1_195' title='bbox 565 2558 611 2618; x_wconf 88' lang='lat' dir='ltr'>bis</span> <span class='ocrx_word' id='word_1_196' title='bbox 621 2581 696 2637; x_wconf 88' lang='lat' dir='ltr'>quae</span> <span class='ocrx_word' id='word_1_197' title='bbox 706 2564 787 2638; x_wconf 85' lang='lat' dir='ltr'>apud</span> <span class='ocrx_word' id='word_1_198' title='bbox 798 2582 863 2622; x_wconf 82' lang='lat' dir='ltr'>euru</span> <span class='ocrx_word' id='word_1_199' title='bbox 880 2563 1080 2642; x_wconf 87' lang='lat' dir='ltr'>praecedunt.</span> <span class='ocrx_word' id='word_1_200' title='bbox 1100 2563 1233 2641; x_wconf 88' lang='lat' dir='ltr'>Denique</span> <span class='ocrx_word' id='word_1_201' title='bbox 1249 2585 1323 2642; x_wconf 89' lang='lat' dir='ltr'>quae</span> <span class='ocrx_word' id='word_1_202' title='bbox 1339 2583 1405 2622; x_wconf 81' lang='lat' dir='ltr'>mox</span> <span class='ocrx_word' id='word_1_203' title='bbox 1420 2566 1533 2639; x_wconf 84' lang='lat' dir='ltr'>sequi-</span> 
     </span>
     <span class='ocr_line' id='line_1_24' title="bbox 404 2641 1532 2725; baseline 0.003 -25"><span class='ocrx_word' id='word_1_204' title='bbox 404 2655 456 2701; x_wconf 86' lang='lat' dir='ltr'>tur</span> <span class='ocrx_word' id='word_1_205' title='bbox 464 2641 503 2702; x_wconf 86' lang='lat' dir='ltr'>¹in</span> <span class='ocrx_word' id='word_1_206' title='bbox 513 2642 616 2702; x_wconf 90' lang='lat' dir='ltr'>eodem</span> <span class='ocrx_word' id='word_1_207' title='bbox 626 2644 838 2702; x_wconf 79' lang='lat' dir='ltr'>saresberiensi</span> <span class='ocrx_word' id='word_1_208' title='bbox 849 2647 1067 2704; x_wconf 76' lang='lat' dir='ltr'>commendatio</span> <span class='ocrx_word' id='word_1_209' title='bbox 1078 2657 1238 2723; x_wconf 83' lang='lat' dir='ltr'>poetarum</span> <span class='ocrx_word' id='word_1_210' title='bbox 1249 2691 1259 2718; x_wconf 91' lang='lat'>,</span> <span class='ocrx_word' id='word_1_211' title='bbox 1269 2667 1400 2725; x_wconf 83' lang='lat' dir='ltr'>quaeque</span> <span class='ocrx_word' id='word_1_212' title='bbox 1410 2646 1532 2705; x_wconf 85' lang='lat' dir='ltr'>dicitur</span> 
     </span>
     <span class='ocr_line' id='line_1_25' title="bbox 405 2727 1532 2812; baseline 0.004 -29"><span class='ocrx_word' id='word_1_213' title='bbox 405 2745 422 2783; x_wconf 90' lang='lat' dir='ltr'>e</span> <span class='ocrx_word' id='word_1_214' title='bbox 440 2727 585 2786; x_wconf 86' lang='lat' dir='ltr'>Cicerone</span> <span class='ocrx_word' id='word_1_215' title='bbox 603 2727 734 2784; x_wconf 89' lang='lat' dir='ltr'>deriuari</span> <span class='ocrx_word' id='word_1_216' title='bbox 751 2753 761 2796; x_wconf 86' lang='lat'>;</span> <span class='ocrx_word' id='word_1_217' title='bbox 789 2749 822 2785; x_wconf 83' lang='lat' dir='ltr'>ea</span> <span class='ocrx_word' id='word_1_218' title='bbox 841 2729 962 2804; x_wconf 87' lang='lat' dir='ltr'>quidem</span> <span class='ocrx_word' id='word_1_219' title='bbox 981 2743 1050 2807; x_wconf 87' lang='lat' dir='ltr'>apte</span> <span class='ocrx_word' id='word_1_220' title='bbox 1068 2730 1100 2786; x_wconf 89' lang='lat' dir='ltr'>in</span> <span class='ocrx_word' id='word_1_221' title='bbox 1117 2743 1222 2812; x_wconf 89' lang='lat' dir='ltr'>quarto</span> <span class='ocrx_word' id='word_1_222' title='bbox 1241 2731 1279 2790; x_wconf 91' lang='lat' dir='ltr'>de</span> <span class='ocrx_word' id='word_1_223' title='bbox 1304 2751 1366 2809; x_wconf 90' lang='lat' dir='ltr'>rep.</span> <span class='ocrx_word' id='word_1_224' title='bbox 1386 2731 1464 2788; x_wconf 88' lang='lat' dir='ltr'>libro</span> <span class='ocrx_word' id='word_1_225' title='bbox 1483 2730 1532 2788; x_wconf 78' lang='lat' dir='ltr'>ab</span> 
     </span>
     <span class='ocr_line' id='line_1_26' title="bbox 404 2807 1534 2888; baseline 0.007 -24"><span class='ocrx_word' id='word_1_226' title='bbox 404 2807 679 2888; x_wconf 82' lang='lat' dir='ltr'>aliqno&#39;potitarum</span> <span class='ocrx_word' id='word_1_227' title='bbox 698 2809 851 2868; x_wconf 78' lang='lat' dir='ltr'>defensore</span> <span class='ocrx_word' id='word_1_228' title='bbox 870 2811 991 2869; x_wconf 86' lang='lat' dir='ltr'>recitata</span> <span class='ocrx_word' id='word_1_229' title='bbox 1009 2813 1293 2884; x_wconf 73' lang='lat' dir='ltr'>iniese13eedenim</span> <span class='ocrx_word' id='word_1_230' title='bbox 1311 2813 1467 2870; x_wconf 84' lang='lat' dir='ltr'>haudecio</span> <span class='ocrx_word' id='word_1_231' title='bbox 1486 2834 1534 2872; x_wconf 82' lang='lat' dir='ltr'>ara</span> 
     </span>
     <span class='ocr_line' id='line_1_27' title="bbox 403 2892 1534 2969; baseline 0.005 -21"><span class='ocrx_word' id='word_1_232' title='bbox 403 2893 526 2969; x_wconf 86' lang='lat' dir='ltr'>pronius</span> <span class='ocrx_word' id='word_1_233' title='bbox 545 2893 668 2952; x_wconf 89' lang='lat' dir='ltr'>creditu·</span> <span class='ocrx_word' id='word_1_234' title='bbox 686 2892 751 2965; x_wconf 85' lang='lat' dir='ltr'>sit,</span> <span class='ocrx_word' id='word_1_235' title='bbox 775 2913 842 2961; x_wconf 79' lang='lat' dir='ltr'>eam</span> <span class='ocrx_word' id='word_1_236' title='bbox 864 2909 974 2953; x_wconf 88' lang='lat' dir='ltr'>temere</span> <span class='ocrx_word' id='word_1_237' title='bbox 997 2896 1088 2955; x_wconf 88' lang='lat' dir='ltr'>tribui</span> <span class='ocrx_word' id='word_1_238' title='bbox 1112 2897 1248 2966; x_wconf 82' lang='lat' dir='ltr'>Ciceroni</span> <span class='ocrx_word' id='word_1_239' title='bbox 1275 2917 1292 2952; x_wconf 85' lang='lat' dir='ltr'>a</span> <span class='ocrx_word' id='word_1_240' title='bbox 1317 2897 1534 2956; x_wconf 73' lang='lat' dir='ltr'>saresberien-</span> 
     </span>
     <span class='ocr_line' id='line_1_28' title="bbox 403 2973 1534 3063; baseline 0.006 -31"><span class='ocrx_word' id='word_1_241' title='bbox 403 2973 447 3032; x_wconf 70' lang='grc' dir='ltr'>εἰ.</span> <span class='ocrx_word' id='word_1_242' title='bbox 465 2978 555 3034; x_wconf 87' lang='lat' dir='ltr'>Certe</span> <span class='ocrx_word' id='word_1_243' title='bbox 574 2997 628 3054; x_wconf 86' lang='lat' dir='ltr'>ego</span> <span class='ocrx_word' id='word_1_244' title='bbox 647 2987 741 3034; x_wconf 88' lang='lat' dir='ltr'>tntum</span> <span class='ocrx_word' id='word_1_245' title='bbox 767 2976 894 3063; x_wconf 66' lang='lat' dir='ltr'>tdqctum</span> <span class='ocrx_word' id='word_1_246' title='bbox 916 2977 997 3054; x_wconf 88' lang='lat' dir='ltr'>angli</span> <span class='ocrx_word' id='word_1_247' title='bbox 1015 2980 1169 3050; x_wconf 83' lang='lat' dir='ltr'>auctoris,</span> <span class='ocrx_word' id='word_1_248' title='bbox 1191 2981 1242 3056; x_wconf 88' lang='lat' dir='ltr'>qui</span> <span class='ocrx_word' id='word_1_249' title='bbox 1259 2993 1328 3058; x_wconf 85' lang='lat' dir='ltr'>post</span> <span class='ocrx_word' id='word_1_250' title='bbox 1345 2982 1534 3056; x_wconf 78' lang='lat' dir='ltr'>augustinia-</span> 
     </span>
     <span class='ocr_line' id='line_1_29' title="bbox 404 3059 1534 3140; baseline 0.007 -26"><span class='ocrx_word' id='word_1_251' title='bbox 404 3075 472 3114; x_wconf 85' lang='lat' dir='ltr'>nam</span> <span class='ocrx_word' id='word_1_252' title='bbox 482 3059 687 3120; x_wconf 84' lang='lat' dir='ltr'>auctoritatem</span> <span class='ocrx_word' id='word_1_253' title='bbox 696 3061 881 3137; x_wconf 75' lang='lat' dir='ltr'>porrigitur,</span> <span class='ocrx_word' id='word_1_254' title='bbox 896 3083 913 3118; x_wconf 87' lang='lat' dir='ltr'>a</span> <span class='ocrx_word' id='word_1_255' title='bbox 923 3081 989 3119; x_wconf 88' lang='lat' dir='ltr'>mec</span> <span class='ocrx_word' id='word_1_256' title='bbox 999 3060 1078 3120; x_wconf 89' lang='lat' dir='ltr'>libro</span> <span class='ocrx_word' id='word_1_257' title='bbox 1089 3061 1206 3121; x_wconf 86' lang='lat' dir='ltr'>exulare</span> <span class='ocrx_word' id='word_1_258' title='bbox 1215 3063 1325 3134; x_wconf 85' lang='lat' dir='ltr'>malui,</span> <span class='ocrx_word' id='word_1_259' title='bbox 1340 3083 1427 3140; x_wconf 86' lang='lat' dir='ltr'>quem</span> <span class='ocrx_word' id='word_1_260' title='bbox 1443 3085 1534 3122; x_wconf 86' lang='lat' dir='ltr'>com-</span> 
     </span>
     <span class='ocr_line' id='line_1_30' title="bbox 403 3143 1535 3216; baseline 0.006 -18"><span class='ocrx_word' id='word_1_261' title='bbox 403 3143 524 3202; x_wconf 86' lang='lat' dir='ltr'>mittere</span> <span class='ocrx_word' id='word_1_262' title='bbox 542 3157 576 3202; x_wconf 87' lang='lat' dir='ltr'>ut</span> <span class='ocrx_word' id='word_1_263' title='bbox 594 3143 764 3202; x_wconf 87' lang='lat' dir='ltr'>duodecimi</span> <span class='ocrx_word' id='word_1_264' title='bbox 781 3143 890 3201; x_wconf 76' lang='lat' dir='ltr'>eaecuH</span> <span class='ocrx_word' id='word_1_265' title='bbox 909 3144 1012 3202; x_wconf 84' lang='lat' dir='ltr'>sordes</span> <span class='ocrx_word' id='word_1_266' title='bbox 1032 3165 1097 3202; x_wconf 87' lang='lat' dir='ltr'>cum</span> <span class='ocrx_word' id='word_1_267' title='bbox 1116 3165 1189 3203; x_wconf 84' lang='lat' dir='ltr'>auro</span> <span class='ocrx_word' id='word_1_268' title='bbox 1208 3147 1333 3216; x_wconf 89' lang='lat' dir='ltr'>tulliano</span> <span class='ocrx_word' id='word_1_269' title='bbox 1351 3147 1535 3205; x_wconf 74' lang='lat' dir='ltr'>miscereui-</span> 
     </span>
     <span class='ocr_line' id='line_1_31' title="bbox 404 3219 1534 3310; baseline 0.007 -30"><span class='ocrx_word' id='word_1_270' title='bbox 404 3221 509 3284; x_wconf 85' lang='lat' dir='ltr'>darer.</span> <span class='ocrx_word' id='word_1_271' title='bbox 535 3219 764 3299; x_wconf 57' lang='lat' dir='ltr'>Quodn-tuin</span> <span class='ocrx_word' id='word_1_272' title='bbox 782 3227 927 3304; x_wconf 88' lang='lat' dir='ltr'>quaedam</span> <span class='ocrx_word' id='word_1_273' title='bbox 949 3227 1142 3305; x_wconf 81' lang='lat' dir='ltr'>interpolatio</span> <span class='ocrx_word' id='word_1_274' title='bbox 1165 3242 1228 3298; x_wconf 87' lang='lat' dir='ltr'>ost,</span> <span class='ocrx_word' id='word_1_275' title='bbox 1245 3229 1311 3306; x_wconf 83' lang='lat' dir='ltr'>quis</span> <span class='ocrx_word' id='word_1_276' title='bbox 1329 3249 1399 3286; x_wconf 83' lang='lat' dir='ltr'>uera</span> <span class='ocrx_word' id='word_1_277' title='bbox 1416 3250 1432 3286; x_wconf 87' lang='lat' dir='ltr'>a</span> <span class='ocrx_word' id='word_1_278' title='bbox 1450 3251 1534 3310; x_wconf 71' lang='lat' dir='ltr'>spu·-</span> 
     </span>
     <span class='ocr_line' id='line_1_32' title="bbox 402 3305 1534 3386; baseline 0.008 -24"><span class='ocrx_word' id='word_1_279' title='bbox 402 3305 456 3365; x_wconf 86' lang='lat' dir='ltr'>riie</span> <span class='ocrx_word' id='word_1_280' title='bbox 473 3309 544 3367; x_wconf 88' lang='lat' dir='ltr'>satis</span> <span class='ocrx_word' id='word_1_281' title='bbox 562 3322 626 3368; x_wconf 91' lang='lat' dir='ltr'>tuto</span> <span class='ocrx_word' id='word_1_282' title='bbox 644 3310 781 3386; x_wconf 78' lang='lat' dir='ltr'>separet?</span> <span class='ocrx_word' id='word_1_283' title='bbox 803 3312 907 3368; x_wconf 89' lang='lat' dir='ltr'>Nonne</span> <span class='ocrx_word' id='word_1_284' title='bbox 930 3311 1008 3369; x_wconf 89' lang='lat' dir='ltr'>enim</span> <span class='ocrx_word' id='word_1_285' title='bbox 1025 3310 1136 3368; x_wconf 87' lang='lat' dir='ltr'>eruditi</span> <span class='ocrx_word' id='word_1_286' title='bbox 1155 3311 1255 3372; x_wconf 85' lang='lat' dir='ltr'>adhuc</span> <span class='ocrx_word' id='word_1_287' title='bbox 1271 3311 1409 3371; x_wconf 82' lang='lat' dir='ltr'>laborant</span> <span class='ocrx_word' id='word_1_288' title='bbox 1424 3313 1457 3368; x_wconf 90' lang='lat' dir='ltr'>in</span> <span class='ocrx_word' id='word_1_289' title='bbox 1473 3333 1534 3372; x_wconf 84' lang='lat' dir='ltr'>ex-</span> 
     </span>
     <span class='ocr_line' id='line_1_33' title="bbox 357 3390 1535 3474; baseline 0.005 -24"><span class='ocrx_word' id='word_1_290' title='bbox 357 3390 362 3396; x_wconf 82' lang='grc'><strong>’</strong></span> <span class='ocrx_word' id='word_1_291' title='bbox 404 3391 560 3450; x_wconf 83' lang='lat' dir='ltr'>cernendis</span> <span class='ocrx_word' id='word_1_292' title='bbox 589 3391 781 3450; x_wconf 86' lang='lat' dir='ltr'>tullianorum</span> <span class='ocrx_word' id='word_1_293' title='bbox 808 3391 847 3450; x_wconf 90' lang='lat' dir='ltr'>de</span> <span class='ocrx_word' id='word_1_294' title='bbox 871 3392 969 3470; x_wconf 85' lang='lat' dir='ltr'>gloria</span> <span class='ocrx_word' id='word_1_295' title='bbox 993 3393 1140 3452; x_wconf 88' lang='lat' dir='ltr'>librorum</span> <span class='ocrx_word' id='word_1_296' title='bbox 1161 3395 1313 3472; x_wconf 78' lang='lat' dir='ltr'>reliqniis,</span> <span class='ocrx_word' id='word_1_297' title='bbox 1339 3397 1439 3474; x_wconf 81' lang='lat' dir='ltr'>siquae</span> <span class='ocrx_word' id='word_1_298' title='bbox 1457 3411 1535 3456; x_wconf 84' lang='lat' dir='ltr'>sunt</span> 
     </span>
     <span class='ocr_line' id='line_1_34' title="bbox 404 3474 1536 3556; baseline 0.008 -26"><span class='ocrx_word' id='word_1_299' title='bbox 404 3475 487 3550; x_wconf 88' lang='lat' dir='ltr'>apud</span> <span class='ocrx_word' id='word_1_300' title='bbox 503 3474 701 3550; x_wconf 83' lang='lat' dir='ltr'>Alcyoniuml</span> <span class='ocrx_word' id='word_1_301' title='bbox 729 3479 775 3545; x_wconf 83' lang='lat' dir='ltr'>(a)</span> <span class='ocrx_word' id='word_1_302' title='bbox 798 3474 905 3534; x_wconf 85' lang='lat' dir='ltr'>Libros</span> <span class='ocrx_word' id='word_1_303' title='bbox 926 3477 1102 3535; x_wconf 83' lang='lat' dir='ltr'>nominatim</span> <span class='ocrx_word' id='word_1_304' title='bbox 1120 3477 1158 3535; x_wconf 88' lang='lat' dir='ltr'>de</span> <span class='ocrx_word' id='word_1_305' title='bbox 1178 3497 1243 3556; x_wconf 83' lang='lat' dir='ltr'>rep.</span> <span class='ocrx_word' id='word_1_306' title='bbox 1261 3499 1321 3536; x_wconf 87' lang='lat' dir='ltr'>non</span> <span class='ocrx_word' id='word_1_307' title='bbox 1339 3481 1410 3537; x_wconf 85' lang='lat' dir='ltr'>citat</span> <span class='ocrx_word' id='word_1_308' title='bbox 1432 3481 1536 3539; x_wconf 88' lang='lat' dir='ltr'>Sene-</span> 
     </span>
     <span class='ocr_line' id='line_1_35' title="bbox 404 3554 1539 3636; baseline 0.008 -22"><span class='ocrx_word' id='word_1_309' title='bbox 404 3573 458 3621; x_wconf 74' lang='lat' dir='ltr'>cae</span> <span class='ocrx_word' id='word_1_310' title='bbox 485 3557 640 3615; x_wconf 89' lang='lat' dir='ltr'>commode</span> <span class='ocrx_word' id='word_1_311' title='bbox 669 3569 769 3615; x_wconf 88' lang='lat' dir='ltr'>tamen</span> <span class='ocrx_word' id='word_1_312' title='bbox 794 3554 853 3617; x_wconf 89' lang='lat' dir='ltr'>hnc</span> <span class='ocrx_word' id='word_1_313' title='bbox 876 3558 1076 3635; x_wconf 76' lang='lat' dir='ltr'>fragmentum</span> <span class='ocrx_word' id='word_1_314' title='bbox 1102 3561 1253 3636; x_wconf 85' lang='lat' dir='ltr'>pertinere</span> <span class='ocrx_word' id='word_1_315' title='bbox 1279 3563 1463 3620; x_wconf 80' lang='lat' dir='ltr'>existimatur</span> <span class='ocrx_word' id='word_1_316' title='bbox 1487 3565 1539 3624; x_wconf 79' lang='lat' dir='ltr'>ad</span> 
     </span>
     <span class='ocr_line' id='line_1_36' title="bbox 401 3639 1533 3724; baseline 0.01 -32"><span class='ocrx_word' id='word_1_317' title='bbox 401 3645 560 3714; x_wconf 76' lang='lat' dir='ltr'>poetarum</span> <span class='ocrx_word' id='word_1_318' title='bbox 572 3639 851 3716; x_wconf 82' lang='lat' dir='ltr'>reprehensionem,</span> <span class='ocrx_word' id='word_1_319' title='bbox 871 3661 959 3717; x_wconf 90' lang='lat' dir='ltr'>quam</span> <span class='ocrx_word' id='word_1_320' title='bbox 975 3641 1079 3701; x_wconf 92' lang='lat' dir='ltr'>Cicero</span> <span class='ocrx_word' id='word_1_321' title='bbox 1098 3644 1128 3700; x_wconf 90' lang='lat' dir='ltr'>in</span> <span class='ocrx_word' id='word_1_322' title='bbox 1139 3658 1246 3721; x_wconf 90' lang='lat' dir='ltr'>quarto</span> <span class='ocrx_word' id='word_1_323' title='bbox 1265 3646 1303 3704; x_wconf 84' lang='lat' dir='ltr'>de</span> <span class='ocrx_word' id='word_1_324' title='bbox 1321 3666 1384 3724; x_wconf 88' lang='lat' dir='ltr'>rep.</span> <span class='ocrx_word' id='word_1_325' title='bbox 1404 3665 1533 3703; x_wconf 78' lang='lat' dir='ltr'>exsecu-</span> 
     </span>
     <span class='ocr_line' id='line_1_37' title="bbox 402 3721 1532 3804; baseline 0.007 -27"><span class='ocrx_word' id='word_1_326' title='bbox 402 3732 452 3777; x_wconf 82' lang='lat' dir='ltr'>tus</span> <span class='ocrx_word' id='word_1_327' title='bbox 469 3734 529 3780; x_wconf 86' lang='lat' dir='ltr'>est.</span> <span class='ocrx_word' id='word_1_328' title='bbox 558 3721 655 3779; x_wconf 85' lang='lat' dir='ltr'>Habet</span> <span class='ocrx_word' id='word_1_329' title='bbox 670 3722 821 3798; x_wconf 87' lang='lat' dir='ltr'>ceteroqui</span> <span class='ocrx_word' id='word_1_330' title='bbox 837 3722 870 3779; x_wconf 93' lang='lat' dir='ltr'>id</span> <span class='ocrx_word' id='word_1_331' title='bbox 896 3724 1100 3802; x_wconf 77' lang='lat' dir='ltr'>fragmentum</span> <span class='ocrx_word' id='word_1_332' title='bbox 1111 3724 1189 3788; x_wconf 89' lang='lat' dir='ltr'>hanc</span> <span class='ocrx_word' id='word_1_333' title='bbox 1210 3747 1332 3804; x_wconf 85' lang='lat' dir='ltr'>grauem</span> <span class='ocrx_word' id='word_1_334' title='bbox 1359 3727 1532 3788; x_wconf 85' lang='lat' dir='ltr'>dubitatio-</span> 
     </span>
     <span class='ocr_line' id='line_1_38' title="bbox 401 3803 1534 3886; baseline 0.005 -24"><span class='ocrx_word' id='word_1_335' title='bbox 401 3819 488 3874; x_wconf 84' lang='lat' dir='ltr'>nem,</span> <span class='ocrx_word' id='word_1_336' title='bbox 516 3806 598 3882; x_wconf 91' lang='lat' dir='ltr'>quod</span> <span class='ocrx_word' id='word_1_337' title='bbox 617 3803 754 3866; x_wconf 85' lang='lat' dir='ltr'>Ciceroni</span> <span class='ocrx_word' id='word_1_338' title='bbox 772 3805 925 3882; x_wconf 87' lang='lat' dir='ltr'>loquenti,</span> <span class='ocrx_word' id='word_1_339' title='bbox 943 3823 1073 3885; x_wconf 87' lang='lat' dir='ltr'>practer</span> <span class='ocrx_word' id='word_1_340' title='bbox 1097 3811 1290 3886; x_wconf 86' lang='lat' dir='ltr'>prohoemia,</span> <span class='ocrx_word' id='word_1_341' title='bbox 1318 3813 1349 3870; x_wconf 89' lang='lat' dir='ltr'>in</span> <span class='ocrx_word' id='word_1_342' title='bbox 1371 3811 1416 3870; x_wconf 83' lang='lat' dir='ltr'>hie</span> <span class='ocrx_word' id='word_1_343' title='bbox 1435 3809 1534 3869; x_wconf 86' lang='lat' dir='ltr'>libris</span> 
     </span>
     <span class='ocr_line' id='line_1_39' title="bbox 400 3886 1535 3969; baseline 0.006 -23"><span class='ocrx_word' id='word_1_344' title='bbox 400 3886 503 3946; x_wconf 85' lang='lat' dir='ltr'>nullus</span> <span class='ocrx_word' id='word_1_345' title='bbox 521 3901 584 3946; x_wconf 89' lang='lat' dir='ltr'>erat</span> <span class='ocrx_word' id='word_1_346' title='bbox 597 3887 696 3947; x_wconf 87' lang='lat' dir='ltr'>locus.</span> <span class='ocrx_word' id='word_1_347' title='bbox 716 3887 782 3948; x_wconf 85' lang='lat' dir='ltr'>Nisi</span> <span class='ocrx_word' id='word_1_348' title='bbox 792 3888 868 3948; x_wconf 85' lang='lat' dir='ltr'>sorte</span> <span class='ocrx_word' id='word_1_349' title='bbox 885 3893 995 3949; x_wconf 84' lang='lat' dir='ltr'>Seneca</span> <span class='ocrx_word' id='word_1_350' title='bbox 1013 3911 1045 3949; x_wconf 86' lang='lat' dir='ltr'>ea</span> <span class='ocrx_word' id='word_1_351' title='bbox 1064 3911 1139 3969; x_wconf 89' lang='lat' dir='ltr'>quae</span> <span class='ocrx_word' id='word_1_352' title='bbox 1156 3893 1263 3953; x_wconf 91' lang='lat' dir='ltr'>Cicero</span> <span class='ocrx_word' id='word_1_353' title='bbox 1280 3895 1377 3954; x_wconf 85' lang='lat' dir='ltr'>alieno</span> <span class='ocrx_word' id='word_1_354' title='bbox 1395 3915 1448 3952; x_wconf 89' lang='lat' dir='ltr'>ore</span> <span class='ocrx_word' id='word_1_355' title='bbox 1465 3894 1535 3955; x_wconf 87' lang='lat' dir='ltr'>dici</span> 
     </span>
     <span class='ocr_line' id='line_1_40' title="bbox 400 3969 1536 4054; baseline 0.008 -26"><span class='ocrx_word' id='word_1_356' title='bbox 400 3969 505 4043; x_wconf 75' lang='lat' dir='ltr'>finxit,</span> <span class='ocrx_word' id='word_1_357' title='bbox 522 3971 579 4050; x_wconf 78' lang='lat' dir='ltr'>ipsi</span> <span class='ocrx_word' id='word_1_358' title='bbox 594 3971 769 4031; x_wconf 87' lang='lat' dir='ltr'>nominatim</span> <span class='ocrx_word' id='word_1_359' title='bbox 786 3974 908 4030; x_wconf 71' lang='lat' dir='ltr'>auctori!</span> <span class='ocrx_word' id='word_1_360' title='bbox 918 3973 1039 4034; x_wconf 87' lang='lat' dir='ltr'>tribuit.</span> <span class='ocrx_word' id='word_1_361' title='bbox 1059 3975 1234 4054; x_wconf 83' lang='lat' dir='ltr'>Exemplum</span> <span class='ocrx_word' id='word_1_362' title='bbox 1254 3979 1536 4038; x_wconf 63' lang='lat' dir='ltr'>iniectionem-⁴</span> 
     </span>
     <span class='ocr_line' id='line_1_41' title="bbox 399 4053 1535 4140; baseline 0.012 -30"><span class='ocrx_word' id='word_1_363' title='bbox 399 4053 461 4134; x_wconf 72' lang='lat' dir='ltr'>psit</span> <span class='ocrx_word' id='word_1_364' title='bbox 486 4056 594 4116; x_wconf 91' lang='lat' dir='ltr'>Cicero</span> <span class='ocrx_word' id='word_1_365' title='bbox 612 4076 628 4113; x_wconf 86' lang='lat' dir='ltr'>a</span> <span class='ocrx_word' id='word_1_366' title='bbox 643 4055 768 4115; x_wconf 84' lang='lat' dir='ltr'>Platone</span> <span class='ocrx_word' id='word_1_367' title='bbox 795 4055 847 4132; x_wconf 87' lang='lat' dir='ltr'>qui</span> <span class='ocrx_word' id='word_1_368' title='bbox 869 4059 1032 4116; x_wconf 82' lang='lat' dir='ltr'>Homerum</span> <span class='ocrx_word' id='word_1_369' title='bbox 1050 4078 1066 4115; x_wconf 92' lang='lat' dir='ltr'>e</span> <span class='ocrx_word' id='word_1_370' title='bbox 1082 4079 1145 4138; x_wconf 86' lang='lat' dir='ltr'>rep.</span> <span class='ocrx_word' id='word_1_371' title='bbox 1166 4061 1280 4139; x_wconf 79' lang='lat' dir='ltr'>expulit</span> <span class='ocrx_word' id='word_1_372' title='bbox 1303 4075 1333 4122; x_wconf 90' lang='lat' dir='ltr'>et</span> <span class='ocrx_word' id='word_1_373' title='bbox 1361 4062 1535 4140; x_wconf 84' lang='lat' dir='ltr'>generatim</span> 
     </span>
     <span class='ocr_line' id='line_1_42' title="bbox 401 4137 1533 4223; baseline 0.009 -27"><span class='ocrx_word' id='word_1_374' title='bbox 401 4137 540 4217; x_wconf 78' lang='lat' dir='ltr'>poeticen</span> <span class='ocrx_word' id='word_1_375' title='bbox 552 4139 754 4216; x_wconf 86' lang='lat' dir='ltr'>uituperauit.</span> <span class='ocrx_word' id='word_1_376' title='bbox 773 4138 873 4210; x_wconf 84' lang='lat' dir='ltr'>Quare</span> <span class='ocrx_word' id='word_1_377' title='bbox 887 4139 1039 4200; x_wconf 83' lang='lat' dir='ltr'>haudscio</span> <span class='ocrx_word' id='word_1_378' title='bbox 1053 4161 1091 4198; x_wconf 87' lang='lat' dir='ltr'>au</span> <span class='ocrx_word' id='word_1_379' title='bbox 1108 4145 1245 4221; x_wconf 83' lang='lat' dir='ltr'>superius</span> <span class='ocrx_word' id='word_1_380' title='bbox 1262 4147 1465 4223; x_wconf 77' lang='lat' dir='ltr'>fragmentum</span> <span class='ocrx_word' id='word_1_381' title='bbox 1475 4147 1533 4206; x_wconf 82' lang='lat' dir='ltr'>ubi</span> 
     </span>
     <span class='ocr_line' id='line_1_43' title="bbox 399 4221 1538 4304; baseline 0.007 -24"><span class='ocrx_word' id='word_1_382' title='bbox 399 4221 512 4282; x_wconf 87' lang='lat' dir='ltr'>mentio</span> <span class='ocrx_word' id='word_1_383' title='bbox 530 4221 665 4282; x_wconf 83' lang='lat' dir='ltr'>Platonis</span> <span class='ocrx_word' id='word_1_384' title='bbox 682 4234 711 4280; x_wconf 94' lang='lat' dir='ltr'>et</span> <span class='ocrx_word' id='word_1_385' title='bbox 728 4222 849 4280; x_wconf 82' lang='lat' dir='ltr'>Homeri</span> <span class='ocrx_word' id='word_1_386' title='bbox 875 4235 936 4291; x_wconf 85' lang='lat' dir='ltr'>est,</span> <span class='ocrx_word' id='word_1_387' title='bbox 956 4221 1016 4283; x_wconf 88' lang='lat' dir='ltr'>bne</span> <span class='ocrx_word' id='word_1_388' title='bbox 1032 4225 1095 4283; x_wconf 86' lang='lat' dir='ltr'>lere</span> <span class='ocrx_word' id='word_1_389' title='bbox 1113 4225 1151 4282; x_wconf 80' lang='lat' dir='ltr'>eit</span> <span class='ocrx_word' id='word_1_390' title='bbox 1172 4227 1368 4287; x_wconf 87' lang='lat' dir='ltr'>trahendum.</span> <span class='ocrx_word' id='word_1_391' title='bbox 1396 4231 1441 4304; x_wconf 79' lang='lat' dir='ltr'>(b)</span> <span class='ocrx_word' id='word_1_392' title='bbox 1460 4232 1538 4289; x_wconf 79' lang='lat' dir='ltr'>Post</span> 
     </span>
     <span class='ocr_line' id='line_1_44' title="bbox 400 4302 1535 4391; baseline 0.006 -28"><span class='ocrx_word' id='word_1_393' title='bbox 400 4316 557 4381; x_wconf 69' lang='lat' dir='ltr'>poetarum</span> <span class='ocrx_word' id='word_1_394' title='bbox 576 4302 776 4384; x_wconf 82' lang='lat' dir='ltr'>corruptelam</span> <span class='ocrx_word' id='word_1_395' title='bbox 786 4324 866 4382; x_wconf 79' lang='lat' dir='ltr'>pono</span> <span class='ocrx_word' id='word_1_396' title='bbox 883 4325 999 4364; x_wconf 84' lang='lat' dir='ltr'>scenam</span> <span class='ocrx_word' id='word_1_397' title='bbox 1010 4332 1020 4376; x_wconf 78' lang='lat'>3</span> <span class='ocrx_word' id='word_1_398' title='bbox 1039 4307 1083 4366; x_wconf 84' lang='lat' dir='ltr'>sic</span> <span class='ocrx_word' id='word_1_399' title='bbox 1099 4309 1177 4366; x_wconf 86' lang='lat' dir='ltr'>enim</span> <span class='ocrx_word' id='word_1_400' title='bbox 1189 4310 1263 4370; x_wconf 84' lang='lat' dir='ltr'>iacit</span> <span class='ocrx_word' id='word_1_401' title='bbox 1274 4313 1339 4391; x_wconf 85' lang='lat' dir='ltr'>ipse</span> <span class='ocrx_word' id='word_1_402' title='bbox 1351 4314 1460 4372; x_wconf 90' lang='lat' dir='ltr'>Cicero</span> <span class='ocrx_word' id='word_1_403' title='bbox 1470 4313 1535 4391; x_wconf 84' lang='lat' dir='ltr'>leg.</span> 
     </span>
     <span class='ocr_line' id='line_1_45' title="bbox 401 4389 1538 4473; baseline 0.011 -29"><span class='ocrx_word' id='word_1_404' title='bbox 401 4389 427 4444; x_wconf 87' lang='lat'>1.</span> <span class='ocrx_word' id='word_1_405' title='bbox 441 4409 486 4463; x_wconf 70' lang='lat'>¹7²</span> <span class='ocrx_word' id='word_1_406' title='bbox 508 4409 613 4448; x_wconf 68' lang='lat' dir='ltr'>sensere</span> <span class='ocrx_word' id='word_1_407' title='bbox 630 4403 819 4450; x_wconf 77' lang='lat' dir='ltr'>nostrosnon</span> <span class='ocrx_word' id='word_1_408' title='bbox 834 4410 961 4468; x_wconf 79' lang='lat' dir='ltr'>parens,</span> <span class='ocrx_word' id='word_1_409' title='bbox 976 4411 1037 4450; x_wconf 90' lang='lat' dir='ltr'>non</span> <span class='ocrx_word' id='word_1_410' title='bbox 1052 4399 1179 4461; x_wconf 74' lang='lat' dir='ltr'>nutrix,</span> <span class='ocrx_word' id='word_1_411' title='bbox 1200 4391 1262 4454; x_wconf 78' lang='lat' dir='ltr'>non</span> <span class='ocrx_word' id='word_1_412' title='bbox 1277 4404 1443 4473; x_wconf 80' lang='lat' dir='ltr'>magister,</span> <span class='ocrx_word' id='word_1_413' title='bbox 1470 4419 1538 4457; x_wconf 80' lang='lat' dir='ltr'>non</span> 
     </span>
    </p>
   </div>
   <div class='ocr_carea' id='block_1_3' title="bbox 317 4473 1532 4556">
    <p class='ocr_par' dir='ltr' id='par_1_3' title="bbox 317 4473 1532 4556">
     <span class='ocr_line' id='line_1_46' title="bbox 317 4473 1532 4556; baseline 0.004 -21"><span class='ocrx_word' id='word_1_414' title='bbox 317 4477 325 4488; x_wconf 94' lang='lat'>&#39;</span> <span class='ocrx_word' id='word_1_415' title='bbox 397 4477 506 4552; x_wconf 62' lang='lat' dir='ltr'>podio,</span> <span class='ocrx_word' id='word_1_416' title='bbox 526 4491 588 4536; x_wconf 89' lang='lat' dir='ltr'>non</span> <span class='ocrx_word' id='word_1_417' title='bbox 603 4493 691 4542; x_wconf 73' lang='lat' dir='ltr'>senec</span> <span class='ocrx_word' id='word_1_418' title='bbox 707 4473 874 4556; x_wconf 74' lang='lat' dir='ltr'>deprecat,</span> <span class='ocrx_word' id='word_1_419' title='bbox 890 4477 1170 4556; x_wconf 71' lang='lat' dir='ltr'>nnn-inttntttitnn</span> <span class='ocrx_word' id='word_1_420' title='bbox 1187 4499 1351 4552; x_wconf 78' lang='lat' dir='ltr'>concensus</span> <span class='ocrx_word' id='word_1_421' title='bbox 1371 4483 1532 4544; x_wconf 74' lang='lat' dir='ltr'>cholonica</span> 
     </span>
    </p>
   </div>
   <div class='ocr_carea' id='block_1_4' title="bbox 0 0 1648 5658">
    <p class='ocr_par' dir='ltr' id='par_1_4' title="bbox 0 0 1648 5658">
     <span class='ocr_line' id='line_1_47' title="bbox 0 0 1648 5658; baseline 0 1"><span class='ocrx_word' id='word_1_422' title='bbox 0 0 1648 5658; x_wconf 95' lang='lat' dir='ltr'> </span> 
     </span>
    </p>
   </div>
  </div>
 </body>
</html>
