3276 5660
433 536 511 681 uisis
531 623 563 680 ln
585 627 691 701 quarto
713 617 751 682 de
773 640 835 704 rep.
845 619 927 682 libro
942 619 1085 684 rationem
1103 621 1191 684 enimi
1210 633 1239 684 et
1258 619 1390 701 corporis
1407 621 1541 704 explica-

432 723 483 774 re,
497 705 530 764 id
540 706 661 784 quidem
678 705 718 764 sd
733 705 805 766 libri
822 707 940 768 initium
956 707 1104 786 pertinere
1122 710 1255 768 uidetur=
1267 727 1336 766 narn
1353 707 1403 784 qui
1423 710 1460 765 de
1477 730 1540 767 sno·

432 788 516 848 ribus
543 787 677 848 dicturus
699 801 791 862 eret,
813 805 895 850 recte
913 789 1075 854 admodum
1097 793 1151 850 istc
1173 803 1261 870 pecto
1278 792 1429 868 praelatus
1448 792 1541 849 loretr

433 882 521 948 etque
546 871 589 930 ite
609 869 713 932 Cicero
731 871 899 952 ingreditur
916 874 947 932 in
965 874 1107 933 moralem
1128 875 1230 952 legum
1250 887 1438 943 tractatum,
1456 894 1543 951 pree·

431 953 530 1032 posita
554 962 567 1027 (
593 954 651 1031 leg.
668 957 691 1014 l.
712 975 729 1035 7
748 957 813 1014 ert
837 966 850 1032 )
877 956 1010 1034 corporis
1038 959 1190 1028 terrestri,
1218 957 1307 1014 enimi
1331 975 1402 1014 uero
1423 956 1537 1030 diuina,

433 1029 563 1115 origine.
576 1039 695 1095 Morum
712 1039 824 1118 quippe
841 1039 921 1098 solus
939 1040 1027 1098 homo
1045 1061 1137 1124 espen
1157 1054 1216 1099 este
1229 1043 1305 1098 lecte
1325 1053 1423 1097 eutem
1438 1038 1542 1098 hume-

431 1119 464 1174 nl
486 1117 617 1198 corporis
635 1133 664 1178 et
679 1118 774 1180 enimi
788 1122 1007 1200 descriptione,
1030 1123 1162 1201 sequitur
1181 1143 1213 1181 ee
1234 1122 1383 1182 conclusio
1402 1165 1412 1192 ,
1439 1135 1471 1179 ut
1489 1145 1542 1202 po·

432 1201 493 1260 tior
514 1202 641 1262 hominis
664 1225 735 1283 pars
758 1225 821 1265 esse
837 1204 951 1265 animus
969 1207 1111 1278 dicetur,
1136 1208 1242 1285 inquo
1262 1225 1367 1285 reapse
1383 1217 1453 1263 sunt
1482 1227 1543 1265 mo·

430 1303 501 1343 ress
524 1305 616 1366 quare
641 1303 671 1346 ct
698 1286 787 1350 homo
807 1287 948 1348 definitur
965 1295 1102 1352 animans
1123 1297 1267 1352 moralis.
1292 1291 1390 1366 Atque
1408 1289 1483 1346 baec
1501 1303 1544 1348 est

432 1367 570 1427 doctrine
587 1370 733 1430 Varronis
755 1371 836 1451 opud
854 1372 1053 1449 Augustinum
1072 1377 1106 1433 C.
1128 1377 1163 1430 D.
1184 1393 1250 1431 xix.
1270 1375 1310 1450 35
1334 1372 1423 1430 immo
1447 1373 1545 1448 potius

429 1451 590 1522 Antiochi,
615 1454 664 1529 qui
682 1467 756 1512 teste
773 1455 877 1513 eodem
899 1456 1084 1532 Augustino,
1107 1457 1247 1533 magister
1269 1454 1414 1514 Varronis
1439 1467 1470 1511 et
1491 1456 1544 1515 Ci-

430 1536 544 1593 eeronis
561 1536 635 1593 luit.
659 1537 758 1595 Valde
776 1537 870 1614 igitur
886 1539 1021 1615 suspicor
1038 1538 1173 1598 Tullium
1189 1538 1249 1598 boc
1274 1538 1341 1596 loco
1368 1551 1399 1596 et
1420 1555 1545 1614 praece*

427 1617 527 1694 ptoris
544 1616 685 1676 Antiochi
705 1634 734 1678 et
746 1621 890 1682 Varronis
909 1621 994 1680 amici
1017 1621 1180 1680 doctissimi
1196 1623 1358 1680 cretionem
1370 1621 1545 1696 usurpauis-

429 1717 478 1758 se.
497 1703 648 1760 Summum
658 1703 768 1762 bonum
783 1705 815 1761 in
831 1700 1023 1785 philosophie
1033 1707 1132 1762 Verre
1145 1707 1262 1783 quaerit
1276 1703 1336 1766 non
1349 1706 1474 1785 petridis
1493 1705 1546 1766 sesi

427 1785 576 1844 bonnam.
599 1784 704 1847 Cicero
725 1786 816 1857 item,
839 1800 871 1856 ut
896 1809 962 1847 mox
980 1787 1176 1858 uidebimus,
1207 1792 1284 1850 idem
1301 1810 1365 1850 esse
1379 1809 1439 1848 non
1453 1799 1547 1865 putc-
1626 1821 1627 1826 κ

428 1867 481 1925 bat
499 1874 606 1928 arietis
623 1880 651 1926 et
669 1874 869 1952 0P·Asricaai
886 1873 1014 1932 bonnms
1037 1891 1113 1950 queo
1138 1871 1281 1930 uidentur
1305 1872 1398 1930 uerba
1419 1870 1546 1932 interlo-

427 1950 546 2024 quentis
564 1951 751 2030 cuiuspinm‚
775 1953 868 2014 Laelii
889 1955 1031 2024 fortasse,
1061 1955 1111 2032 qui
1137 1955 1249 2015 librum
1268 1969 1405 2034 qnsrturn
1428 1971 1546 2013 exorsus

427 2029 488 2088 sit.
510 2034 609 2092 Varro
629 2037 718 2093 sentit
739 2043 771 2096 its
787 2040 917 2097 bominis
934 2052 1045 2102 nultra
1069 2041 1131 2098 dno
1153 2053 1217 2098 esse
1237 2039 1406 2119 quaesiero,
1433 2057 1544 2114 corpur

426 2125 456 2172 et
465 2121 594 2176 animam
612 2143 621 2187 ;
642 2131 671 2178 et
687 2123 795 2180 borum
810 2123 930 2200 quidem
945 2123 1074 2182 duorum
1094 2125 1198 2192 melius
1215 2145 1280 2182 esse
1295 2131 1425 2182 animam
1443 2127 1544 2198 longe·

426 2217 485 2276 que
496 2201 712 2279 praestabilius
728 2225 788 2265 non
801 2205 936 2264 dubitet.
960 2207 1066 2265 Cicero
1083 2203 1219 2284 quoque,
1238 2206 1393 2266 Lectsntio
1405 2218 1436 2263 et
1456 2209 1543 2264 Petro

424 2279 555 2342 blesensi
578 2287 723 2358 testibus,
743 2293 846 2366 pluris
869 2309 934 2348 esse
957 2297 1084 2354 ommam
1098 2291 1415 2368 praestabilioremque
1429 2309 1543 2364 corpo·

321 2408 329 2430 ι.
425 2383 461 2422 re
475 2370 667 2441 adfirmauit.
681 2378 771 2430 Porro
784 2373 859 2431 haec
877 2373 975 2430 omnia
993 2393 1079 2450 quern
1099 2387 1180 2431 recte
1201 2373 1240 2430 ad
1257 2371 1490 2450 disputationem
1506 2371 1545 2428 de

426 2449 560 2508 moribus
578 2453 707 2552 ducqnt,
729 2477 816 2514 nemo
833 2475 893 2514 non
912 2457 1014 2516 uidet.
1039 2457 1209 2514 Lactantius
1227 2475 1344 2515 rursum
1368 2455 1506 2524 inst-111.
1526 2453 1543 2511 b

426 2529 553 2590 tulliane
575 2531 656 2612 lo'qus
675 2537 822 2597 uideturs
853 2558 979 2616 nemque
998 2537 1127 2596 hominis
1149 2541 1259 2600 bonum
1281 2539 1384 2597 statuit
1413 2555 1476 2594 esse
1495 2537 1546 2594 di-

391 2686 396 2694 ·
425 2631 542 2673 uersum
571 2632 778 2692 coeterorum
801 2621 995 2679 animantium
1021 2621 1122 2678 bono:
1156 2623 1223 2681 exin
1249 2621 1341 2680 'rultti
1366 2619 1545 2678 untentiarn

425 2711 569 2756 memoret
579 2741 587 2771 ,
612 2700 661 2776 qui
674 2702 818 2764 uirtutem
841 2725 986 2762 summum
1005 2703 1134 2764 hominis
1153 2707 1264 2764 bonum
1280 2704 1415 2782 puteuit.
1433 2704 1472 2760 Et
1488 2703 1545 2760 La·

426 2782 552 2840 stantius
570 2784 691 2860 quidem
712 2786 776 2844 iure
794 2787 927 2846 decernit
946 2787 1096 2847 hominem
1119 2791 1237 2847 colendi
1268 2788 1322 2846 Dei
1348 2787 1448 2866 gratis
1479 2803 1545 2844 esse

424 2876 526 2922 natum
544 2891 554 2934 t
577 2868 662 2926 addit
686 2883 782 2929 tomen
799 2873 943 2939 ‚seruire
961 2875 1043 2941 Deo,
1066 2869 1142 2928 nihil
1165 2873 1249 2930 aliud
1277 2889 1358 2938 esse,
1381 2887 1471 2947 quam
1489 2867 1543 2927 bo-

423 2947 471 3004 nis
488 2950 628 3028 operibus
647 2955 721 3010 tueri
746 2967 776 3012 et
798 2974 974 3013 conseruere
991 2953 1159 3013 institiones
1180 2957 1218 3014 de
1238 2975 1294 3034 que
1312 2954 1428 3012 seilicet
1446 2950 1543 3008 uirtu·

423 3043 455 3086 te
471 3029 502 3088 in
522 3035 720 3110 praecedente
735 3035 816 3096 ciuili
835 3039 927 3096 Tullii
950 3039 1030 3096 libro
1049 3057 1144 3096 senno
1164 3038 1237 3096 luit.
1262 3038 1396 3114 Denique
1415 3047 1543 3094 senten·

423 3114 510 3185 tiam,
529 3135 619 3194 quem
629 3119 701 3177 alibi
720 3119 875 3178 tullianam
886 3119 974 3190 dicit,
992 3119 1059 3179 heic
1074 3141 1189 3200 quoque
1200 3119 1330 3178 inculcet
1347 3116 1543 3184 Lactantius,

420 3201 523 3274 plrsrr's
547 3201 689 3260 uidelicet
714 3225 778 3264 esse
803 3209 930 3264 animm
952 3226 1041 3284 quam
1063 3223 1199 3282 corpses.
1227 3205 1325 3280 Atque
1348 3201 1395 3259 his
1418 3199 1542 3258 indiciis

420 3278 505 3340 haud
522 3284 592 3340 satis
618 3287 680 3344 scio
699 3329 708 3356 ‚
735 3302 835 3346 utrum
852 3287 935 3346 illem
954 3288 992 3344 de
1018 3305 1146 3364 corpore
1170 3300 1199 3344 ct
1216 3285 1313 3343 animo
1330 3305 1390 3342 non
1417 3284 1541 3360 longam

422 3362 674 3440 disputationem,
700 3389 787 3448 quem
813 3369 845 3426 in
866 3369 1017 3428 Ciceronis
1038 3383 1143 3448 quarto
1162 3370 1201 3426 de
1222 3389 1284 3447 rep.
1302 3367 1475 3428 Lactantius
1491 3365 1541 3424 le-

422 3447 528 3522 gebat,
545 3451 654 3526 partim
671 3451 775 3510 saltem
793 3473 970 3528 cognoscere
986 3453 1094 3513 liceat.

505 3533 639 3608 Denique
657 3532 802 3594 intereos
827 3536 877 3612 qui
896 3535 1051 3594 Ciceronis
1069 3537 1107 3594 de
1125 3555 1187 3615 rep.
1208 3555 1282 3613 opus
1297 3534 1436 3612 legerunt
1454 3573 1464 3602 ,
1488 3529 1540 3590 uis

423 3609 529 3670 dubito
545 3616 616 3689 quin
640 3631 752 3696 martyr·
772 3617 939 3696 Cyprianus
963 3620 1165 3678 numerandus
1187 3618 1250 3675 sit.
1284 3619 1401 3677 Rhetos
1422 3613 1539 3695 quippe

420 3692 479 3750 tuit
496 3693 740 3772 gloriosissimus,
764 3701 883 3778 eiusque
906 3699 1106 3778 eloquentiam
1131 3700 1243 3759 eximiis
1271 3703 1440 3778 meritisque
1466 3697 1542 3756 lou·-

421 3775 510 3836 dlbus
527 3799 543 3834 e
560 3782 712 3840 Lactantio
729 3783 797 3841 inst.
817 3785 856 3844 V.
880 3807 914 3855 r,
932 3798 1020 3862 atque
1042 3785 1093 3844 ebs
1111 3787 1291 3860 Hieronymo
1313 3785 1352 3842 de
1375 3784 1426 3842 uir.
1446 3777 1493 3838 ill·
1507 3791 1540 3838 et

391 3884 400 3902 =
420 3879 469 3937 ep.
481 3859 519 3919 58
530 3877 559 3921 et
571 3885 608 3944 7⁰
627 3865 736 3924 elatam
753 3867 904 3924 uidemus.
924 3871 952 3925 ls
963 3879 1060 3926 antem
1078 3869 1109 3928 in
1128 3887 1218 3926 aureo
1234 3866 1275 3924 ed
1293 3871 1439 3926 Donatum
1457 3883 1541 3941 opu-

419 3943 504 4003 sculo
519 3947 563 4006 sic
578 3949 648 4008 circi
664 3969 809 4020 ,scenee,
822 3949 1006 4028 priuatorum
1024 3952 1184 4020 domuum,
1202 3965 1231 4009 et
1249 3950 1359 4010 deinde
1378 3951 1435 4008 lori
1456 3946 1542 4022 ssagi·

412 4028 464 4086 tis
476 4031 637 4104 describit,
650 4045 683 4092 ut
693 4055 758 4093 cum
768 4033 946 4111 fragmentis
962 4035 1061 4110 questi
1081 4035 1120 4092 de
1141 4055 1203 4114 rep.
1217 4033 1287 4092 libri
1303 4055 1363 4092 non
1382 4033 1471 4096 rebus
1487 4049 1543 4086 so·-

419 4107 483 4170 lum
497 4135 600 4174 uerum
611 4116 837 4194 etiamquedem
854 4115 931 4174 serie
953 4117 1044 4176 ualde
1068 4137 1231 4196 congruere
1248 4117 1404 4176 uidentur.
1423 4117 1541 4174 Rursus

416 4213 495 4271 quoe
518 4197 628 4258 ibidem
649 4199 816 4277 Cyprianus
833 4198 978 4275 graphice
995 4201 1081 4258 addit
1098 4201 1137 4259 de
1155 4199 1323 4260 ambitionis
1346 4214 1376 4259 et
1394 4198 1432 4256 de
1452 4197 1542 4255 tium

417 4297 455 4334 ec
470 4281 614 4358 superbae
631 4282 783 4361 potentiae
799 4280 898 4351 melis,
909 4301 942 4339 es
959 4285 1074 4360 pariter
1091 4297 1121 4340 et
1138 4282 1267 4342 cumbis
1285 4281 1460 4360 fragmentis
1476 4299 1542 4338 non

294 4376 305 4404 a
420 4377 574 4436 pugnant,
599 4379 628 4423 et
654 4383 720 4424 cum
737 4364 884 4441 Scipionis
901 4364 1002 4424 uerbis
1019 4379 1181 4425 consonent
1198 4385 1273 4444 quae
1290 4369 1315 4426 is
1332 4368 1363 4423 in
1380 4366 1482 4443 primo
1501 4365 1541 4424 ds

418 4457 484 4524 πμ
502 4444 582 4514 libro
601 4468 665 4536 sap.
677 4471 747 4512 arn
766 4449 841 4512 dicit
859 4449 898 4523 de
913 4467 1014 4514 rerum
1026 4449 1227 4526 humanarum
1250 4449 1469 4538 despicientia.
