3286 5658
446 454 536 544 322
791 463 855 555 'na
887 481 949 545 na
982 455 1212 550 averret

435 597 675 693 obtineto),
703 593 781 674 dux
800 614 838 676 et
863 600 1038 703 princeps
1058 615 1097 675 et
1125 599 1342 680 moderator
1366 601 1552 696 luminam

433 701 687 822 reliquorum,
715 745 820 796 mens
849 720 981 796 mundi
996 735 1033 794 et
1063 720 1319 824 temperatio,
1348 735 1450 802 tanta
1466 749 1548 797 ma-

432 841 653 941 gnitudine,
682 857 725 917 ut
752 857 884 918 cuncta
913 867 977 920 sua
1004 841 1089 918 lucc
1115 842 1273 921 illustret
1293 856 1332 920 et
1352 843 1550 946 conpleat,

378 951 388 962 ’
432 963 541 1038 Hunc
568 978 612 1038 ut
629 963 786 1040 comites
821 977 1124 1066 consequuntur,
1157 961 1249 1038 alter
1269 963 1424 1038 Ueneris
1437 966 1480 1040 (ὅ)
1498 960 1550 1038 al·
1620 1009 1623 1016 -

430 1095 487 1157 ter
506 1084 679 1159 Mercurii
698 1107 827 1160 cursus
845 1116 856 1156 s
883 1085 922 1160 in
936 1085 1140 1187 infimoque
1158 1083 1248 1163 orbe
1264 1087 1369 1160 Luna
1396 1090 1465 1180 (ε),
1491 1111 1549 1160 ra-

333 1215 337 1223 '
430 1204 501 1280 diis
518 1207 607 1284 solis
628 1233 810 1304 accensa,
837 1208 1094 1284 conuertitur.
1115 1205 1217 1284 Infra
1246 1221 1369 1282 autem
1396 1208 1475 1280 iam
1499 1207 1552 1280 ui-

427 1328 483 1403 hil
499 1344 555 1404 est
572 1386 584 1426 ,
601 1330 674 1404 nisi
690 1329 848 1406 mortale
868 1345 906 1406 et
931 1330 1142 1426 caducum,
1164 1345 1310 1430 praeter
1325 1332 1473 1406 animos
1492 1355 1551 1430 ge-

428 1451 507 1526 neri
535 1451 733 1548 hominum
760 1476 910 1525 munere
940 1449 1096 1526 deorum
1120 1449 1254 1526 datos:
1289 1475 1401 1552 supra
1425 1447 1551 1527 lunam

427 1593 513 1651 sunt
532 1590 676 1650 aeterna
704 1575 830 1649 omnia
853 1608 863 1646 ε
890 1600 979 1650 nam
1009 1601 1052 1648 ea
1078 1601 1172 1676 quae
1194 1574 1389 1662 estmedia
1403 1590 1440 1648 et
1456 1601 1551 1650 nona

427 1697 556 1792 tellus,
579 1725 695 1801 neque
713 1710 905 1792 mouetur,
927 1711 964 1770 et
988 1697 1114 1774 infima
1131 1710 1212 1793 est,
1234 1697 1330 1770 etin
1348 1696 1553 1772 eamlcrun·
1622 1743 1623 1784 τ

364 1808 367 1819 ’
426 1835 486 1896 tur
519 1822 643 1898 omnia
668 1847 735 1896 suo
763 1835 856 1914 nutu
889 1819 1084 1922 pondera.

499 1945 651 2019 XVIII.
679 1945 782 2037 Quae
813 1967 901 2018 oum
929 1943 1089 2020 intuerer
1121 1957 1302 2047 stupens,
1332 1958 1375 2019 ut
1406 1969 1470 2020 me
1498 1939 1552 2018 're-

426 2067 539 2170 cepi,
573 2059 703 2168 quid?
738 2053 799 2140 laic
829 2119 842 2160 ,
882 2065 1065 2167 inquam,
1098 2068 1181 2168 quis
1214 2079 1272 2142 est
1301 2065 1365 2165 qui
1398 2067 1551 2168 conplet

423 2191 519 2265 auris
549 2215 650 2264 meas
674 2199 794 2282 tantus
811 2203 848 2263 et
864 2201 944 2263 tam
968 2185 1090 2264 dulcis
1117 2213 1228 2262 sonus
1254 2185 1304 2258 (d)
1325 2180 1346 2262 ,7
1367 2187 1440 2262 Ηίο
1468 2202 1547 2282 est,
1622 2243 1623 2292 3

424 2310 545 2411 inquit
576 2309 678 2407 ille,
717 2311 782 2414 qui
821 2308 1023 2386 interuallis
1060 2301 1276 2386 coniunctus
1314 2308 1548 2410 inparibus,
1622 2293 1623 2340 t

424 2427 489 2504 sed
520 2443 642 2506 tamen
668 2455 739 2532 pro
771 2447 849 2508 rata
885 2433 1058 2534 portione
1079 2431 1288 2527 distinctis,
1324 2431 1479 2533 inpulsu
1514 2446 1548 2506 et

470 2583 661 2663 (affredus
678 2582 734 2650 σαί
750 2611 801 2650 τον
817 2611 855 2666 pe
870 2579 944 2654 sira
964 2585 1016 2670 ael
1029 2581 1128 2660 edric
1144 2589 1199 2654 a‘rs
1212 2583 1261 2671 aas*
1279 2584 1343 2660 τοῖς
1365 2584 1471 2674 μίν-ον
1484 2587 1547 2655 τοῖν

426 2670 514 2745 σ’ττὲ
527 2667 585 2742 τίν
599 2671 688 2741 ίλνον
699 2672 841 2743 sinonem
855 2675 1117 2768 desporo‘paoms'
1132 2679 1219 2747 πάνυ
1234 2678 1270 2744 li
1284 2677 1474 2760 ἀνομοίων
1490 2678 1547 2747 τέ’·
1622 2691 1623 2760 1

424 2790 465 2828 το
483 2762 648 2848 δίθηκτον
667 2766 843 2856 λνμμοίτονν
862 2791 869 2810 ·
887 2766 974 2844 ὅπως
991 2765 1032 2834 eli
1051 2767 1132 2844 s'aae
1148 2767 1383 2860 ίσσεχιίρνσον,
1409 2765 1543 2856 sinopes·

423 2855 462 2920 e'v
477 2855 543 2930 soie
558 2853 589 2931 ίς
606 2855 742 2944 Τίμαιον
770 2858 909 2934 inercie.
929 2861 1093 2932 (Dissentit
1122 2859 1234 2938 quippe
1258 2855 1398 2920 Cicero'a
1415 2861 1545 2920 Platone

423 2943 455 3001 in
474 2947 625 3007 stellarum
643 2948 818 3020 ordine,uti
836 2949 969 3030 loquitur
986 2950 1154 3011 Macrobius
1172 2951 1211 3010 ad
1229 2970 1320 3010 somn.
1341 2951 1446 3024 hro.)
1468 2957 1544 3014 Pen-

422 3029 468 3106 git
484 3031 606 3094 Proclus
629 3031 728 3092 dicere
739 3078 755 3105 ,,
766 3035 861 3113 priori
887 3035 1050 3094 sententiae
1076 3035 1176 3093 fauere
1193 3035 1362 3094 Chaldaeos
1386 3033 1541 3115 librosque

421 3113 564 3196 theurgos
582 3129 610 3172 et
629 3116 731 3174 diuina
747 3117 884 3190 oracula,
896 3139 961 3177 cum
979 3117 1103 3178 Platone
1121 3131 1219 3175 autem
1238 3116 1404 3177 consentire
1422 3119 1543 3178 Aristo·
1622 3143 1623 3160 ³

423 3198 513 3258 talem
541 3212 570 3268 at
598 3199 758 3280 Calippum
791 3216 1010 3261 astronomum.
1054 3205 1100 3278 (b)
1122 3204 1166 3260 De
1189 3201 1316 3260 Veneris
1333 3200 1541 3277 magnitudine

424 3301 555 3341 etromm
571 3297 714 3342 memorat
731 3285 854 3345 Procius
874 3307 939 3346 cum
955 3285 1098 3346 historico
1114 3287 1213 3364 Carpo
1231 3281 1324 3364 τίνμε
1336 3281 1393 3359 τοῖς
1409 3281 1541 3366 Ἀφοδί-
1622 3321 1623 3336 z

421 3401 476 3450 της
496 3371 582 3450 τννίς
594 3375 729 3466 μσίζονο
748 3376 844 3458 φασὶν
860 3371 931 3461 rivet
946 3377 1004 3454 τίς
1021 3375 1101 3463 pris,
1119 3379 1160 3455 νίς
1175 3375 1337 3468 irreperet
1351 3369 1372 3438 a‘
1387 3386 1410 3438 Κ
1427 3373 1437 3402 ‘
1452 3403 1514 3454 τος
1529 3429 1538 3448 .

303 3471 306 3478 “
464 3476 509 3546 (ο)
531 3472 644 3531 Lunam
661 3469 773 3526 fontem
790 3482 914 3528 naturae
930 3471 1023 3528 omnis
1043 3471 1116 3531 dicit
1132 3470 1274 3534 Proetus:
1296 3464 1320 3532 sl
1339 3403 1450 3548 aemil
1459 3493 1538 3564 rspo-
1622 3477 1623 3506 ³

423 3551 526 3632 σοχός
550 3549 591 3625 νίς
617 3546 674 3616 τίν
699 3551 884 3618 statumen
909 3549 1071 3644 σίνίρτντσν
1099 3553 1258 3645 σφαῖραν,
1280 3577 1320 3624 ον
1338 3549 1358 3646 ξ
1373 3583 1537 3642 respers-
1622 3571 1623 3630 l

423 3657 497 3714 o'ttre
513 3639 611 3721 οίτίιη
625 3636 750 3715 ndens.
775 3643 822 3714 (d)
846 3645 927 3702 Haec
941 3657 1010 3703 sunt
1026 3645 1175 3707 al'laaone
1193 3645 1415 3729 reip.x.p.617,
1432 3654 1485 3727 qui
1504 3654 1538 3715 in
1622 3655 1623 3674 ¹

421 3730 555 3809 sphaeris
572 3731 690 3791 Sirenas
701 3732 827 3792 collocat
838 3747 991 3806 canentes,
1001 3735 1131 3814 itemque
1149 3737 1256 3794 Parcas
1266 3735 1386 3796 illarum
1403 3761 1538 3804 concen—
1622 3731 1623 3790 l

423 3817 467 3875 tui
478 3815 697 3900 respondentes.
705 3815 828 3882 Proelus
844 3829 906 3876 toto
917 3817 998 3882 eaelo
1006 3839 1103 3880 musas
1114 3831 1263 3878 cantantes
1274 3821 1393 3882 exhibet
1406 3829 1539 3914 ,pgussp
1622 3805 1623 3882 l

422 3905 463 3978 eli
475 3905 533 3980 τίν
550 3912 626 3980 daea
640 3907 757 4003 sperat
773 3912 954 3994 συνεχεσοίν
972 3955 983 3986 s
1011 3911 1194 4004 repperias·
1210 3907 1285 4000 siim
1299 3915 1534 3988 edas’vmlaa
1622 3909 1623 3952 ί

420 4003 564 4091 atrioque
578 4045 588 4074 a
604 3997 650 4086 eal
669 3999 836 4092 ὄμολομσῗν
848 4001 890 4087 'ep‘
905 4001 998 4098 r‘re‘pqr
1010 4001 1066 4075 τίν
1081 4000 1195 4096 σ’τίμοιν
1209 4007 1307 4072 ,Hinc
1322 4008 1451 4086 Apollo,
1470 4011 1533 4071 siue

420 4095 466 4152 sol
483 4096 581 4154 medio
600 4095 680 4155 caelo
697 4095 789 4166 situs,
812 4093 918 4153 merito
935 4110 1100 4174 musagetes
1117 4095 1285 4175 appellatus
1295 4112 1356 4159 est.
1379 4099 1537 4194 §iguilicat
1622 4107 1623 4160 l

422 4190 519 4238 autem
528 4179 602 4240 haec
610 4178 763 4239 harmonia
774 4179 960 4238 concordiam
970 4183 1143 4261 politicam,
1153 4182 1272 4258 quodet
1283 4185 1406 4244 Proelus
1414 4185 1514 4248 innuit
1523 4233 1533 4261 ,
1622 4229 1623 4238 ,

422 4281 452 4325 et
466 4265 688 4326 nostertlicero
704 4263 759 4322 lib.
772 4265 810 4322 11.
824 4267 860 4332 ta
869 4263 971 4322 eodem
989 4267 1129 4346 exemplo·
1140 4264 1247 4328 utitur.
1256 4271 1301 4326 De
1319 4269 1452 4326 sidersnu
1469 4291 1532 4334 mu·
1622 4281 1623 4284 ’

423 4351 483 4409 sica
502 4351 614 4409 ratione
624 4349 809 4428 Pythagoras
827 4347 907 4423 apud
925 4349 1053 4410 Plinium
1064 4353 1155 4419 llna,
1169 4352 1249 4426 apud
1257 4352 1456 4416 Censorinum
1466 4375 1529 4442 cap.

420 4453 494 4510 1111,
512 4446 541 4494 et
558 4434 685 4515 denique
701 4431 783 4521 apud
798 4429 1017 4498 cassiodorius
1035 4435 1074 4498 de
1090 4443 1146 4496 art·
1157 4431 1276 4499 titud
1294 4455 1393 4521 sapt.
1502 4447 1508 4456 '
