3276 5660
443 471 805 576 tltuR'tlr'.
952 598 975 606 ..
1096 476 1190 603 249

161 621 302 704 XXI..
322 679 332 698 .
349 615 403 726 ζ’)
421 623 507 700 Nou
535 653 702 724 grauarer
722 631 794 725 (a),
821 625 948 725 Laeli,
982 627 1108 706 itisiet
1125 632 1221 706 liosl

86 743 176 820 uelle
191 764 382 850 putarem,
402 747 530 850 etipse
544 771 717 850 euperem
731 764 766 823 te
776 775 924 852 quoque
942 747 1101 852 aliquam
1113 779 1201 853 par-

84 879 162 944 tem
192 871 301 946 huius
330 869 462 946 nostri»
479 869 658 944 sermonis
691 872 864 969 attingere
881 873 955 942 (¹)=
983 872 1201 970 praesertim

86 1013 199 1090 quum
226 990 306 1064 lteri
329 989 373 1064 (b)
393 991 478 1090 ipse,
497 990 657 1085 dixeris,
693 991 865 1066 tenebis
895 990 1010 1066 etiam
1035 991 1205 1094 superlu-

128 1129 173 1201 (')
195 1124 365 1203 Disputatio
389 1123 540 1182 luculenta
565 1126 661 1184 Laelii
679 1147 735 1203 pro
768 1125 882 1184 iustitie
908 1137 1010 1186 contre
1035 1139 1204 1192 arctaretarn

86 1211 250 1268 orationem
268 1205 346 1268 Phili
368 1216 423 1280 (ut
440 1205 573 1282 loquitur
591 1209 696 1266 Cicero
715 1211 752 1265 de
767 1228 822 1264 aru.
843 1202 914 1282 v'rr)
935 1220 997 1264 tota
1015 1207 1203 1268 desideratur

85 1294 118 1349 in
136 1291 240 1350 codice
259 1288 365 1347 mutilo
385 1287 538 1357 uaticano,
555 1305 676 1366 praeter
694 1292 756 1348 eius
775 1289 951 1359 clausulam,
971 1299 1003 1345 ut
1020 1289 1098 1346 inira
1115 1305 1205 1369 pate-

83 1374 151 1434 bit.
172 1377 337 1450 Supersunt
355 1385 453 1428 tamen
479 1371 628 1448 insigues,
647 1375 700 1430 etsi
719 1370 874 1449 aliquoties
900 1373 1117 1450 interpolatae,
1136 1376 1206 1432 reli-

85 1456 175 1535 quiae
193 1455 275 1534 apud
294 1454 482 1514 Lactantium
493 1495 502 1524 ,
515 1457 713 1532 Augustiuum
730 1457 860 1534 aliosque
878 1467 1029 1526 auctores,
1047 1477 1119 1532 quas
1136 1458 1206 1518 heic

88 1539 263 1600 exhibemus
274 1565 283 1607 3
294 1535 466 1615 praeposita
485 1537 631 1614 particula
649 1559 683 1596 ex
703 1537 822 1609 Gellio,
833 1539 863 1594 in
883 1559 940 1615 qua
956 1538 1057 1615 Scipio
1074 1541 1208 1600 Laelium

86 1623 229 1681 hortatur
255 1623 295 1679 ad
315 1619 538 1696 suscipiendum
557 1619 686 1680 iustitiae
720 1621 936 1701 patrocinium.
982 1629 1028 1693 (a)
1050 1622 1098 1682 Sic
1126 1623 1209 1702 apud

89 1708 153 1768 Cic
176 1705 214 1762 de
243 1727 298 1764 am.
320 1703 661 1778 v.loquitur1.aclius=
689 1727 742 1782 ego
768 1727 838 1766 uero
865 1725 925 1764 non
942 1725 1089 1781 gruttam
1105 1713 1133 1766 si
1151 1719 1208 1764 etc.

133 1792 180 1862 (b)
205 1789 240 1844 ln
257 1785 349 1848 Gellii
373 1785 557 1845 editionibus
575 1789 704 1865 itemque
720 1789 752 1846 in
770 1787 922 1846 codicibus
940 1787 1082 1844 ueticuuis
1102 1789 1210 1848 citatur

90 1882 172 1930 totus
188 1869 240 1928 hic
253 1869 336 1928 loeus
356 1887 372 1924 e
389 1872 517 1927 secundo
536 1873 575 1928 de
589 1893 650 1948 rep.
661 1870 720 1930 Sed
734 1891 856 1948 prorsus
876 1883 919 1928 est
936 1871 1098 1944 mendum(
1109 1883 1137 1928 et
1148 1891 1211 1929 cre-

92 1955 132 2016 do
150 1953 291 2032 equidem
304 1972 361 2029 pro
381 1959 469 2012 tertio
481 1993 490 2020 ,
502 1963 536 2008 ut
554 1953 668 2010 iamdiu
686 1955 761 2012 dixit
779 1955 925 2014 Patricius
941 1955 1035 2030 praes.
1047 1953 1085 2010 ad
1102 1955 1209 2030 fragm.

89 2037 130 2098 de
153 2042 243 2114 rep.)
260 2063 269 2107 3
289 2055 380 2114 quum
405 2035 482 2094 enim
506 2035 616 2092 mentio
635 2038 688 2096 fiat
708 2039 849 2096 sermonis
866 2036 1018 2106 hesterni,
1047 2037 1212 2096 necessario
1240 2041 1250 2050 “

12 2173 14 2182 ,
90 2119 145 2178 hic
162 2120 246 2180 locus
262 2117 397 2198 pertinet
414 2119 454 2176 ed
470 2116 580 2176 librum
593 2119 725 2194 quemuis
742 2135 808 2198 post
826 2123 986 2179 secuudum
996 2162 1005 2189 ,
1029 2120 1059 2176 in
1076 2141 1134 2196 quo
1151 2121 1213 2198 pri<

61 2215 63 2220 ’
92 2204 137 2262 rui
167 2201 227 2260 diei
247 2223 343 2260 sermo
362 2200 543 2259 absoluitur.
569 2203 671 2276 Neque
695 2201 772 2260 ullus
790 2204 895 2264 dubito
918 2205 988 2280 quin
1006 2203 1123 2261 Laelius
1140 2215 1213 2281 post

94 2286 180 2345 Phili
200 2287 363 2344 orationem
384 2283 536 2360 rogauerit
546 2283 733 2361 Scipionem,
748 2297 781 2341 ut
797 2287 935 2343 iustitiae
944 2297 1044 2362 partes
1063 2299 1215 2358 tueretur3

94 2369 201 2447 Scipio
226 2384 325 2431 autem
351 2366 531 2425 recusauerit
554 2363 637 2424 hisee
663 2366 782 2437 uerbis,
817 2369 908 2446 idque
933 2389 1005 2426 onus
1031 2369 1061 2424 in
1082 2369 1217 2428 Laelium

91 2452 197 2530 ipsum
216 2450 420 2520 transtulerit,
438 2449 489 2526 qui
507 2448 608 2527 pridie
626 2450 657 2506 in
675 2450 747 2506 libri
765 2452 888 2510 secundi
908 2451 1005 2521 calce,
1024 2453 1075 2508 ubi
1083 2450 1215 2529 'primum

94 2536 136 2592 de
155 2533 273 2592 iustitia
292 2547 456 2594 commotus
475 2544 519 2589 est
531 2553 642 2601 senno,
655 2532 762 2590 dixisse
772 2535 909 2605 uidetur,
919 2534 1031 2594 habere
1044 2557 1075 2592 se
1091 2557 1165 2613 quae
1175 2537 1216 2594 de

93 2616 216 2676 iustitia
226 2657 235 2684 ,
252 2617 301 2674 uel
320 2637 387 2675 curm
403 2613 494 2672 nimia
511 2615 708 2685 uerbositate‚
722 2615 879 2684 dissereret
889 2643 899 2688 3
922 2638 956 2675 ea
974 2618 1051 2676 enirn
1071 2633 1113 2676 est
1130 2620 1215 2679 notio

92 2701 181 2760 uocis
192 2705 436 2781 supersuturam,
454 2709 487 2754 ut
506 2696 621 2756 Gellius
639 2698 745 2770 docet,
758 2700 889 2777 itemque
900 2701 1004 2760 Celsus
1024 2702 1073 2778 qui
1090 2703 1123 2758 in
1140 2723 1217 2780 pro-

91 2781 219 2844 hoemio
230 2783 273 2841 ait
291 2781 468 2863 quibusdam
482 2782 573 2840 uerba
588 2783 872 2862 superesse‚deesse
888 2791 1054 2843 scientium.
1071 2783 1149 2842 Fieri
1168 2799 1217 2842 ta·-

93 2889 166 2927 men
175 2879 275 2946 potest
291 2882 325 2925 ut
335 2889 352 2924 a
362 2863 505 2925 Laelioid
517 2865 631 2922 dictum
647 2865 741 2922 fuerit
752 2865 805 2922 lib.
816 2867 840 2924 l.
854 2887 889 2924 ar
905 2866 942 2923 de
953 2888 1015 2945 rep.
1029 2887 1087 2943 quo
1098 2868 1130 2924 in
1149 2869 1218 2928 loco

94 2951 202 3030 Scipio
219 2951 336 3027 rogauit
354 2947 487 3008 Laelium
504 2960 577 3003 natu
594 2947 736 3003 maiorem
752 2986 762 3015 ,
784 2959 818 3003 ut
834 2948 898 3022 ipse
916 2951 1015 3025 potius
1034 2951 1072 3007 de
1090 2971 1153 3029 rep.
1167 2953 1219 3009 di·-

96 3048 201 3095 ceret:
226 3032 345 3093 Laelius
355 3043 451 3086 autem
461 3027 574 3084 ibidem
589 3027 714 3086 sortasse
723 3030 878 3105 respondit
888 3043 971 3087 tanta
981 3053 1011 3088 se
1020 3031 1132 3089 habere
1141 3026 1219 3109 quae

95 3119 137 3177 de
149 3138 216 3194 rep.
229 3116 342 3172 diceret
352 3153 361 3180 ,
371 3123 404 3166 ut
414 3107 601 3166 audientibus
611 3109 688 3166 loret
697 3111 904 3185 superfuturus
914 3137 923 3180 3
932 3113 1124 3169 nihilominus
1134 3135 1220 3190 para·-

94 3203 211 3258 tioreru
221 3195 277 3255 sibi
290 3188 667 3268 uideriastudiispoliticis
676 3191 843 3267 Scipionem
860 3204 913 3249 ete.
930 3196 1025 3252 Porro
1035 3193 1128 3252 Gellii
1144 3196 1217 3254 nul·-
1243 3201 1245 3206 ’

96 3284 150 3346 lus
163 3280 258 3340 codex
267 3278 474 3354 antiquitatem
487 3273 658 3352 aequiperat
668 3274 794 3351 palatini
805 3273 989 3356 palimpsesti
1001 3297 1091 3346 xxiv,
1102 3277 1132 3336 in
1142 3299 1220 3356 quo,

96 3377 224 3448 praeter
240 3362 299 3427 alia
320 3357 470 3448 carpineo
491 3367 648 3420 seruantur
673 3357 782 3420 litteris
798 3357 959 3420 maioribus
976 3359 1142 3438 fragmenta
1167 3383 1220 3421 no·

97 3457 196 3518 etium
224 3456 381 3516 atticarum
399 3473 434 3512 ex
450 3451 535 3522 libris
553 3453 576 3511 l.
597 3453 635 3518 ll.
654 3451 707 3524 111,
728 3447 938 3524 1V,nonsine
957 3448 1049 3514 multa
1075 3451 1221 3514 uarietate

33 3595 34 3600 ,
98 3539 287 3600 lectionum.
307 3539 367 3600 Sed
386 3536 446 3595 duo
464 3555 544 3594 nuno
563 3530 648 3604 lubet
662 3534 829 3606 adnotare3
857 3533 1085 3618 primumquod
1104 3533 1220 3602 duobus
1259 3583 1264 3588 .

96 3623 132 3681 in
149 3625 233 3682 soliis
243 3667 253 3696 ,
265 3643 389 3704 quorum
404 3641 490 3680 nemo
507 3617 605 3678 adhuc
622 3618 798 3694 scripturam
819 3615 1098 3696 obrutamlegeret,
1114 3639 1223 3679 occurs

101 3721 178 3767 runt
197 3709 250 3766 illa
274 3707 420 3766 librorum
447 3703 644 3781 gellianorum
668 3701 850 3771 summaria,
872 3721 946 3776 quae
975 3715 1074 3759 utrum
1089 3699 1221 3762 habeant

1281 426 1310 464 Q

101 3793 240 3870 aliquam
256 3792 289 3860 ln
304 3791 407 3866 lingua
425 3786 519 3856 latina
536 3785 739 3844 auctoritatem
761 3784 908 3852 immerito
937 3784 1055 3844 dubitat
1072 3789 1095 3842 F
1098 3787 1223 3843 orcelli-
1327 3803 1330 3812 ·

99 3895 162 3935 nus
182 3895 248 3933 uoe
268 3879 507 3932 stmrttameutnm
528 3867 638 3945 (quod
656 3865 754 3944 ipsum
777 3877 876 3924 tamen
892 3869 1073 3926 uocabulum
1091 3867 1223 3930 occurrit

104 4039 213 4115 quam
222 4015 345 4083 status
357 4012 563 4102 sapientiam
574 4011 646 4098 qui-
691 4005 728 4070 in
744 4005 965 4096 Scipionem,
998 4007 1144 4072 Furium
1162 4007 1222 4074 Pi-

104 4114 194 4180 dem
219 4131 293 4176 csse
317 4115 558 4180 concesserat,
582 4095 647 4164 sed
692 4094 789 4180 lum,
813 4115 848 4164 et
865 4095 1051 4180 Laelium,
1076 4115 1142 4164 tres
1162 4099 1224 4186 qui

105 4207 297 4272 iniustam.
691 4191 853 4279 peridem
866 4191 1222 4278 tempus,utaitP01·-

146 4288 214 4384 (ι)
227 4295 343 4358 Partes
356 4285 569 4378 dialogorum
579 4280 647 4357 ho·
693 4283 765 4355 eius
786 4281 940 4374 (Donat.
962 4282 1025 4360 uit.
1045 4279 1221 4376 Terent.)
1288 4341 1292 4346 .

105 4405 193 4459 rum
211 4383 407 4470 praecipuas
421 4379 541 4454 Cicero
561 4395 645 4442 eeu·
692 4373 862 4464 agitabunt
878 4371 1010 4451 nobiles
1024 4421 1037 4456 a.

107 4474 215 4564 tulit,
228 4489 267 4550 ut
284 4495 375 4576 nunt
393 4467 646 4576 cognatarum

915 4539 1102 4657 32‘'‘
