3314 5658
424 475 590 538 xxxttlt

421 589 531 656 forma
545 585 712 656 efficerent
726 635 736 671 ,
750 611 852 679 qnam
865 587 1079 658 cernimusin
1092 591 1246 683 papyris.
1269 587 1423 684 (Utique
1435 587 1472 661 id
1491 591 1533 660 (le

423 700 564 768 Graecis
583 720 674 764 nnnc
694 699 833 765 demum
852 696 1030 792 constat.)
1049 701 1124 788 Ipse
1144 702 1264 770 Cicero
1282 700 1452 769 festinatas
1467 723 1531 768 ru-

425 809 551 894 desque
569 803 697 872 litteras
710 807 851 894 pinxisse
865 806 996 872 videtur
1011 853 1019 871 .
1044 805 1100 874 Sic
1119 807 1209 872 enim
1220 806 1263 873 ad
1275 805 1414 874 fratrem
1426 809 1532 877 llas:

422 913 545 980 scn'bis
555 930 589 979 te
601 938 697 980 meas
707 913 842 980 litteras
865 917 1058 1005 superiores
1076 917 1138 980 uix
1155 892 1270 1005 legere
1279 919 1432 1006 potuisse
1445 939 1455 990 ς
1470 915 1534 984 boc

379 1105 381 1113 Α
408 1024 514 1110 socio
527 1045 662 1113 semper
671 1037 709 1087 ut
720 1024 917 1112 quicumque
931 1020 1083 1088 calamus
1093 1021 1130 1084 in
1142 1041 1265 1086 manus
1276 1043 1372 1088 meas
1381 1025 1532 1102 venerit,

422 1152 464 1194 eo
483 1133 531 1195 sic
544 1145 624 1195 utar
636 1144 809 1229 tamquam
829 1128 920 1196 bono
934 1175 941 1192 .
968 1127 1145 1194 Interdum
1157 1126 1258 1191 etiam
1271 1127 1403 1217 scripsit
1417 1113 1535 1198 Cicero

426 1227 486 1298 i'ui
506 1230 637 1320 captiosa
657 1229 710 1326 (s)
731 1282 739 1299 .
765 1233 966 1302 Cuiusmodi
993 1251 1102 1300 essent
1119 1230 1198 1300 illae
1217 1233 1350 1302 statuas
1370 1233 1505 1304 litterae
1527 1281 1536 1316 ,

424 1363 508 1430 quas
520 1361 623 1404 manu
642 1363 701 1405 sua
719 1335 847 1406 Paulus
866 1335 1036 1428 apostolus
1059 1339 1234 1421 exarabat,
1255 1342 1482 1409 controversia
1500 1343 1538 1410 fit

421 1448 511 1514 inter
526 1447 575 1512 lo.
589 1445 873 1536 Chrysostomum
884 1462 918 1511 et
929 1445 1175 1538 Hieronymum
1188 1443 1241 1538 (a)
1253 1495 1261 1512 .
1274 1443 1434 1516 Auctoris
1453 1450 1535 1539 qui-

420 1554 499 1620 dem
531 1549 778 1644 autographum
814 1549 1015 1642 plerumque
1052 1567 1149 1618 crant
1183 1549 1338 1618 liberiore
1371 1556 1540 1644 scriptura

420 1659 577 1742 schedae,
592 1683 675 1750 quas
693 1659 843 1724 Isidorus
856 1657 909 1752 (3)
924 1657 1042 1724 delinit
1054 1682 1124 1725 esse
1136 1659 1230 1752 quod
1240 1657 1355 1729 adbuc
1367 1663 1541 1731 emenda-

420 1787 476 1836 tur
492 1785 528 1834 ec
545 1766 692 1834 necdum
708 1771 746 1833 in
765 1766 864 1833 libris
881 1765 1058 1834 redactum
1075 1784 1129 1834 est
1149 1817 1156 1831 .
1183 1769 1303 1837 Cicero
1323 1769 1365 1836 ad
1384 1767 1540 1836 Atticum

421 1897 505 1948 xv1.
527 1878 547 1944 3
567 1899 667 1942 suum
685 1876 727 1943 de
745 1889 915 1942 senectute
933 1874 1103 1956 oiureypa
1125 1879 1229 1943 mittit
1244 1882 1487 1959 retr-octatius,
1506 1891 1541 1944 et

421 1985 560 2080 quidem
584 1977 769 2074 ἆρχίτυπον
787 1985 896 2072 ipsum
914 1980 1044 2048 crebris
1061 1981 1147 2047 locis
1165 1981 1370 2050 inculcatum
1388 1999 1426 2050 et
1443 1988 1543 2072 refe-

418 2112 530 2168 ctum.
546 2093 618 2158 lent
629 2089 689 2155 ubi
700 2088 777 2154 satis
790 2088 921 2152 auctori
933 2084 1080 2176 placeret
1092 2087 1277 2178 scriptum,
1290 2089 1488 2156 tradebatur
1501 2083 1544 2152 li·-

420 2200 544 2266 brariis
558 2245 569 2282 ,
588 2198 696 2289 quiin
709 2191 925 2263 macrocolon
937 2193 1174 2276 transferrent,
1188 2213 1227 2262 ut
1242 2199 1350 2290 pergit
1368 2198 1416 2263 ibi
1429 2199 1543 2266 dicere

422 2309 563 2382 Tullius
575 2307 627 2402 (4)
638 2323 693 2388 ,et
707 2322 781 2373 tuna
792 2307 931 2373 demum
943 2303 1073 2372 calamo
1088 2323 1121 2373 ct
1133 2324 1319 2376 atramento
1333 2327 1520 2399 temperato
1535 2355 1545 2390 ,

423 2424 539 2491 charta
552 2421 655 2500 enam,
665 2420 799 2486 dentata
812 2443 866 2486 res
879 2418 932 2510 agi
944 2417 1131 2500 dicebatur,
1141 2433 1223 2486 teste
1237 2419 1355 2488 eodem
1368 2420 1491 2488 Tullio
1503 2422 1545 2487 ad

424 2530 751 2602 sr.II.15.Scribendi
769 2551 841 2596 mos
860 2529 1032 2619 quadratis
1045 2543 1079 2593 et
1092 2529 1221 2620 magnis
1239 2527 1359 2599 litteris
1377 2557 1455 2604 sane
1467 2557 1545 2625 gra·
1630 2547 1631 2550 ’

327 2671 331 2681 .
425 2657 479 2708 tus
493 2637 652 2733 utilisque
663 2653 735 2706 erat
747 2659 932 2727 puerorum
941 2634 1207 2716 cruditioui,tum
1219 2640 1319 2704 etiam
1329 2640 1464 2706 senibus
1477 2639 1546 2704 iam

427 2748 691 2817 caecutientibus
703 2745 922 2814 commodnti
943 2769 1047 2836 quare
1066 2767 1164 2812 senex
1181 2747 1407 2840 Hieronymus
1425 2748 1547 2836 queri·
1631 2811 1632 2822 ,

330 2941 339 2950 μ
425 2877 482 2924 tur
496 2855 548 2951 (5)
563 2882 597 2926 se
615 2879 684 2924 non
700 2879 794 2947 posse
806 2853 1126 2948 legere,praesertim
1139 2855 1182 2920 ad
1195 2873 1401 2922 nocturnum
1415 2855 1546 2937 lumen,
1631 2841 1632 2858 l

424 2966 582 3034 hebraica
603 2963 776 3034 volumina
794 2981 932 3056 propter
944 2961 1137 3030 litterarum
1150 2965 1471 3055 parvitatem;quod
1492 2969 1547 3034 in·

425 3078 643 3144 commodum
657 3077 748 3165 apud
768 3089 896 3141 veteres
908 3070 1082 3140 molestius
1096 3089 1190 3154 erat,
1207 3093 1291 3162 quos
1310 3075 1546 3163 microscopiis

424 3186 570 3252 caruisse
590 3199 802 3274 compertum
814 3197 884 3250 est.
905 3177 1047 3271 Alioqui
1065 3181 1157 3248 idem
1175 3181 1407 3275 Hieronymus
1428 3201 1549 3250 eontra

426 3296 611 3383 scripturae
634 3289 765 3357 latioris
784 3307 884 3378 atque
904 3291 1106 3367 ornatioris,
1126 3305 1208 3376 puta
1226 3309 1365 3381 argento
1384 3291 1438 3359 vel
1457 3319 1547 3360 auro

318 3471 338 3496 N
425 3421 459 3471 et
477 3405 514 3468 in
531 3397 733 3466 membranis
751 3397 954 3484 purpureis,
979 3395 1135 3458 insanum
1152 3392 1297 3476 luxum,
1318 3398 1414 3464 cuius
1428 3402 1548 3468 memi-

428 3512 479 3578 nit
497 3510 600 3576 etiam
621 3505 722 3574 Caius
735 3497 812 3594 (6),
835 3499 928 3565 bauti
947 3498 1115 3564 immerito
1135 3497 1249 3585 stilum
1267 3504 1358 3568 acuit
1377 3503 1455 3597 (7).
1477 3511 1548 3601 Ego

429 3635 543 3686 autem
569 3610 734 3704 peculiari
753 3629 827 3676 meo
859 3606 933 3672 iure
962 3603 1044 3671 huic
1073 3601 1170 3672 lusui
1195 3605 1402 3689 subirascor,
1434 3615 1551 3701 quiin

429 3747 498 3796 tam
516 3721 628 3814 amplo
648 3721 760 3789 codice
774 3716 878 3783 nimis
908 3715 1057 3782 modicas
1086 3714 1171 3782 milri
1200 3713 1361 3805 reliquias
1379 3716 1551 3787 librorum

430 3835 473 3904 de
491 3855 561 3922 rep.
581 3829 731 3922 peperit.
757 3825 891 3892 Morem
908 3823 1053 3912 denique
1072 3822 1243 3900 scribendi
1260 3821 1365 3892 libros
1391 3841 1466 3893 turn
1484 3830 1550 3898 tui·-

474 4093 527 4162 (ι)Ι
545 4085 594 4145 Ad
611 4083 673 4144 Ait.
693 4083 826 4141 xitu3t.
1058 4083 1106 4152 (I)
1128 4075 1305 4138 Coni.etiatn
1318 4079 1545 4139 adnatantes.

475 4179 522 4244 (n)
545 4171 714 4244 Hieronym.
733 4162 888 4226 commati
909 4163 974 4220 Gr·
1057 4159 1105 4236 ‹5›
1129 4163 1246 4240 Prolog.
1266 4161 1318 4220 lib.
1332 4161 1546 4224 stuinEzecb.

438 4255 490 4316 lat.
517 4253 571 4312 lib.
592 4253 646 4312 lll.
669 4269 796 4326 capvt.
819 4267 863 4304 ιι.
891 4243 971 4304 Vide
1057 4247 1104 4319 (6)
1128 4247 1201 4305 lust.
1219 4248 1257 4306 ll·
1278 4267 1326 4326 77.

440 4329 913 4398 tamenibislemobservaticucs.
1057 4337 1104 4408 (7)
1129 4329 1253 4410 Prolog·
1287 4331 1319 4390 iu
1344 4327 1406 4390 Iob.
1439 4342 1470 4388 et
1502 4350 1546 4411 ep.

485 4421 532 4495 (ὅ)
556 4419 639 4498 Orig.
658 4438 702 4480 st.
726 4419 770 4486 ιζ.
1020 4431 1104 4472 xxti.
1120 4413 1169 4474 ὅτι.
