3272 5650
435 469 612 542 xxxt‘ttt

238 629 369 682 sm„
359 649 398 682 ,0
477 591 593 664 xttt}
620 597 711 668 Pieri
729 609 796 668 nod
809 613 918 690 potest
936 615 975 667 ut
987 625 1004 668 a
1017 598 1276 693 palaeographia
1288 599 1421 692 politici
1440 603 1546 670 cndi-

212 702 398 770 depattmpsatt
430 705 477 772 eis
495 707 705 775 edisserendo
724 710 898 790 recedam,
919 711 1013 798 prius
1025 733 1127 800 quam
1145 713 1187 778 de
1205 713 1356 780 eiusdem
1372 713 1544 778 verisimi-

208 790 299 826 mm·

428 811 455 880 li
473 832 578 884 aetate
599 818 829 905 quaestionem
847 813 965 884 saltem
980 821 1164 911 attingam
1176 836 1249 887 tum
1266 821 1346 910 quia
1363 819 1400 886 id
1418 844 1438 884 a
1458 816 1541 907 ple-

425 919 539 1008 risque
557 923 743 990 editoribus
762 925 798 990 in
815 947 853 990 re
871 922 974 990 simili
993 923 1120 992 sactum
1138 923 1260 1009 rideo,
1286 945 1361 993 turn
1378 920 1540 1016 quia'eo·

424 1051 502 1093 rum
521 1027 709 1096 multorum
732 1031 912 1122 cupiditati
936 1034 1186 1100 occurrendum
1204 1050 1283 1115 est,
1308 1033 1367 1124 qui
1386 1055 1439 1098 me
1459 1055 1539 1099 sae-

366 1203 370 1212 ,
423 1159 465 1224 pe
484 1139 682 1204 seutentiam
701 1155 925 1230 rogaverunt.
951 1139 987 1208 Si
1007 1140 1049 1206 de
1069 1141 1171 1228 prisci
1194 1142 1320 1210 codicis
1343 1157 1453 1208 necate
1478 1142 1536 1206 iu·

424 1245 537 1310 dicare
556 1243 668 1324 velis,
694 1243 753 1310 illa
782 1244 817 1310 iu
843 1245 961 1334 primis
979 1247 1138 1314 discretio
1168 1248 1361 1316 adhibenda
1387 1265 1468 1330 est,
1492 1263 1535 1313 ut

420 1351 520 1420 aliter
551 1354 780 1420 coniecturam
809 1352 909 1420 iacias
928 1378 946 1420 e
964 1351 1086 1422 litteris
1105 1353 1285 1423 titulorum
1303 1355 1356 1423 vel
1376 1355 1534 1423 subscri-

418 1465 574 1552 ptionum
592 1461 645 1530 t'el
665 1465 765 1530 etiam
778 1461 934 1530 brevium
945 1458 1157 1567 elegiarum,
1169 1461 1269 1529 aliter
1280 1488 1320 1530 ex
1332 1463 1435 1553 ipsius
1448 1487 1537 1530 con·

422 1588 534 1639 textus
552 1573 748 1660 scriptura.
774 1569 958 1659 Namque
948 1593 984 1634 tu
1004 1559 1110 1634 ιίιιιΙὶε
1137 1569 1276 1659 quidem
1305 1554 1536 1660 breitbusque

379 1751 386 1760 .
418 1679 632 1750 lemmatibus
651 1682 850 1784 qgadratam
880 1680 1125 1768 maximamque
1156 1680 1359 1770 scripturam
1386 1677 1533 1768 plurimi

418 1786 523 1881 vulgo
535 1787 616 1854 libri
634 1789 676 1853 ab
695 1785 814 1854 ultima
833 1783 903 1852 iere
921 1786 1124 1875 antiquitate
1141 1809 1248 1876 usque
1267 1787 1310 1854 nd
1324 1785 1532 1854 hodiernum

418 1894 509 1960 diem
527 1917 607 1982 prae
637 1917 671 1960 se
689 1891 778 1960 serre
796 1891 934 1960 solent.
961 1896 1078 1995 Quum
1096 1893 1187 1958 enim
1204 1893 1255 1958 rei
1271 1910 1392 1960 natura
1410 1911 1534 1982 postu-

418 2001 487 2084 let,
512 2021 551 2068 ut
569 1999 620 2067 vel
640 2001 888 2091 perspicuitatis
918 1998 971 2068 vel
1000 1997 1140 2066 honoris
1169 1996 1223 2066 vel
1254 2019 1392 2066 ornatus
1420 2001 1530 2091 gratia

417 2109 481 2175 ltae
505 2108 636 2175 litterae
662 2133 781 2201 magna
805 2107 912 2174 forma
935 2105 1017 2172 fiant
1037 2153 1047 2186 ,
1071 2107 1099 2172 is
1118 2129 1247 2196 semper
1270 2130 1342 2174 mos
1361 2111 1396 2174 iu
1416 2131 1532 2176 mem·-

361 2211 374 2224 “
417 2207 530 2285 branis
547 2240 616 2285 nou
628 2240 723 2282 secus
741 2233 843 2306 atque
862 2215 898 2280 in
912 2213 1081 2304 lapidibus
1094 2232 1244 2306 retentus
1262 2213 1348 2284 fuit.
1370 2217 1530 2284 Terentii

419 2331 524 2395 oodert
537 2325 766 2393 ambrosianus
779 2325 882 2392 habet
893 2322 1011 2418 longas
1021 2321 1216 2390 fabularum
1234 2323 1431 2415 epigraphes
1442 2345 1531 2414 qua-

415 2437 520 2505 dratis
536 2437 732 2527 magnisque
746 2431 868 2500 litteris
880 2457 889 2508 ς
910 2434 977 2522 ipse
991 2448 1102 2498 tamen
1116 2447 1223 2498 textus
1237 2433 1411 2514 minutus,
1426 2430 1531 2500 incli-

416 2561 514 2610 natus
529 2589 540 2625 ,
557 2557 823 2631 properatusque
841 2557 915 2620 est,
935 2557 1038 2630 prout
1057 2541 1092 2606 in
1111 2537 1285 2606 codicibus
1298 2537 1424 2606 saeculi
1437 2540 1535 2608 deci-

415 2651 463 2716 mi
482 2649 630 2737 conspici
648 2644 734 2714 solet
755 2698 763 2714 .
787 2645 927 2716 Alcuini
947 2648 1113 2736 quoddam
1133 2669 1217 2734 opus
1236 2648 1272 2712 iu
1289 2650 1443 2716 vaticano
1462 2671 1529 2714 co-

414 2755 491 2820 dice
516 2754 654 2818 minutis
677 2751 799 2820 litteris
821 2753 1077 2840 rotundatisque
1096 2752 1275 2830 scribitur3
1300 2756 1401 2848 idque
1425 2753 1528 2824 volu-

415 2881 498 2951 men
517 2859 560 2926 ab
584 2859 686 2948 ipsius
708 2857 848 2926 Alcuini
867 2857 921 2926 vix
944 2873 1049 2924 aetate
1068 2859 1189 2925 distare
1214 2860 1372 2928 videtur:
1396 2865 1527 2952 priores

415 2985 528 3037 tamen
550 2969 637 3036 duae
660 2973 801 3064 paginae
825 2968 963 3036 bonoria
987 2993 1086 3036 causa
1120 2967 1291 3058 quadratis
1315 2969 1439 3040 litteris
1469 2988 1528 3040 at-

412 3102 478 3167 que
502 3079 548 3143 ita
577 3079 733 3168 speciosis
757 3067 909 3146 exaratae
932 3077 1072 3145 fuerunt
1092 3125 1102 3161 ,
1126 3095 1207 3146 uta
1243 3076 1528 3170 livianis'palati-

410 3187 461 3252 nis
481 3209 602 3276 parum
619 3185 777 3254 differant
797 3237 805 3252 .
831 3187 887 3255 Sic
907 3202 955 3253 est
975 3184 1064 3252 illud
1083 3183 1284 3276 capitalibus
1305 3184 1427 3256 litteris
1446 3213 1525 3256 car·

407 3315 487 3362 meu
505 3299 548 3363 ad
566 3293 730 3364 Carolum
747 3317 909 3385 maguum
926 3293 1041 3361 bibliis
1058 3293 1180 3361 urbani
1198 3301 1391 3364 monasterii
1403 3325 1427 3367 s.
1438 3299 1524 3370 Cal-

406 3398 481 3466 listi
500 3399 770 3492 agglutinatum,
785 3423 933 3489 quornm
951 3403 1031 3466 item
1050 3399 1236 3468 bibliorum
1256 3419 1433 3477 contextus
1451 3410 1525 3474 exi-

407 3507 435 3573 li
453 3507 600 3596 rudique
625 3508 811 3595 scripturae
835 3529 955 3598 genere
979 3507 1125 3600 digestus
1143 3525 1219 3576 est.
1247 3511 1398 3602 Exceptis
1416 3511 1524 3604 igitur

406 3613 514 3682 titulis
537 3632 597 3681 aut
615 3613 731 3707 elogiis
756 3631 815 3682 aut
837 3613 1122 3704 praelationibnsr
1151 3639 1270 3686 rursus
1294 3635 1431 3709 excepto
1454 3619 1522 3690 ali-

406 3745 478 3813 quo
495 3719 598 3814 longe
616 3723 777 3788 rarissimi
804 3720 903 3788 luxua
928 3725 1074 3802 codice;
1099 3747 1162 3818 ego
1189 3749 1265 3792 sane
1290 3748 1344 3794 nte
1367 3728 1523 3796 animad-

405 3847 539 3898 vertere
569 3832 736 3913 tuemini,
760 3833 963 3922 scripturam
985 3857 1171 3926 megaram,
1196 3832 1406 3924 pulchram,
1429 3859 1521 3928 qua-

403 3941 564 4022 dratam,
589 3957 624 4006 et
653 3963 791 4008 romam
823 3941 1073 4031 quodammodo
1103 3945 1272 4010 maiestate
1302 3947 1519 4034 praeditam,

401 4063 477 4137 post
494 4062 624 4114 sertum
647 4063 707 4112 aut
730 4064 820 4114 certe
839 4049 1019 4138 septimum
1044 4047 1198 4116 seculum
1220 4053 1274 4118 tis
1292 4076 1518 4142 comparere.

402 4157 495 4240 Quin
505 4158 588 4223 adeo
600 4173 690 4224 sexto
711 4155 846 4224 saeculo
859 4173 892 4224 et
905 4161 1092 4226 consecutis
1111 4161 1261 4249 proxime
1273 4163 1439 4232 aetatibus
1449 4165 1518 4232 de·

401 4269 522 4334 minart
512 4263 668 4334 videtur
679 4265 763 4332 illa
752 4291 790 4332 111
801 4265 897 4336 libris
910 4270 1076 4358 scriptura
1088 4316 1097 4351 ,
1112 4293 1215 4360 quam
1227 4273 1443 4365 Symmachi,
1457 4299 1517 4370 sy-

400 4374 482 4444 nodi
496 4371 788 4462 chalcedonensis,
801 4371 956 4480 sedulii,
969 4377 1189 4474 Hieronymi,
1205 4381 1427 4489 Gregoriique
1440 4408 1516 4481 spe·

1622 4051 1624 4088 l
