3262 5662
417 471 502 566 180
746 495 808 559 on
833 497 904 562 nn
937 455 1169 565 rvnti'cs

410 633 561 700 uotum
583 611 709 730 patris
735 634 783 705 (ι)
811 613 1012 727 Capitolii
1044 607 1332 700 aedificatione
1352 611 1517 729 persola·

405 757 467 842 uit
486 785 533 850 (α)
555 799 567 864 3
601 778 642 840 et
659 756 845 844 colonias
863 755 1037 860 deduxit
1054 775 1101 848 (ὅ)
1121 798 1133 862 3
1159 776 1200 840 et
1224 756 1424 841 institutis
1440 789 1515 844 eo«

268 901 302 959 Ρ·
324 899 368 962 ¹⁶·
404 929 500 984 rttm
524 960 538 1006 ‚
571 931 594 984 a
619 897 775 1017 quibus
800 919 917 984 ortus
942 919 1029 984 erat
1052 957 1066 1005 ‚
1091 898 1097 1009 l
1122 896 1236 982 dona
1259 893 1509 1015 magnifica,

405 1047 525 1160 quasi
543 1039 773 1128 libamenta
790 1040 1069 1158 praedarum,
1094 1039 1285 1155 Delphos
1301 1039 1356 1128 ad
1373 1035 1509 1158 Apol·
1617 1078 1621 1099 ·

407 1185 540 1270 linem
565 1185 704 1268 misit.
1495 1263 1499 1269 .

464 1307 607 1395 XXV.
642 1309 722 1396 Hic
746 1309 818 1396 ille
850 1313 935 1394 iam
968 1329 1156 1396 certetur
1187 1305 1340 1415 orbis,
1387 1309 1508 1396 cuius
1615 1388 1616 1402 .

402 1450 633 1538 naturalem
657 1473 822 1536 motum
847 1449 986 1568 adque
1001 1473 1046 1543 (a)
1065 1455 1290 1540 circuitum
1307 1475 1394 1544 toa
1423 1455 1511 1566 pri-
1609 1466 1614 1501 ¹

400 1617 473 1672 mo
493 1590 636 1677 discite
654 1581 876 1707 agnoscere
893 1609 938 1681 (b)
959 1657 969 1676 .
1002 1591 1055 1698 Id
1079 1597 1192 1678 enim
1210 1615 1271 1682 est
1293 1615 1419 1710 capnt
1443 1595 1507 1680 ci-

372 1823 375 1831 ,
400 1730 496 1816 uilis
513 1729 790 1846 prudentiae,
815 1735 858 1816 in
876 1763 959 1849 qua
977 1735 1115 1818 omnis
1132 1734 1233 1820 haec
1250 1755 1389 1818 nostra
1404 1764 1509 1819 uer-

400 1893 513 1959 satur
550 1877 685 1960 oratio
709 1935 724 1982 ,
751 1872 912 1988 uidere,
943 1859 1094 1960 itinera
1111 1875 1335 1993 flexusque
1368 1903 1512 1960 rernm

396 2011 702 2128 publicarum,
735 2037 783 2100 ut
815 2046 912 2101 cnm
944 2019 1079 2104 sciatis
1105 2047 1193 2134 qno
1226 2047 1422 2136 quaeque
1447 2044 1513 2102 res

398 2154 572 2240 inclinet
589 2173 627 2268 ',⁴
656 2159 835 2244 retinere
868 2179 939 2242 aut
961 2181 1057 2244 ante
1081 2160 1246 2273 possitis
1270 2159 1284 2272 ll
1309 2188 1516 2246 occurre-

396 2330 442 2387 re
461 2316 537 2394 (5).
562 2299 675 2390 Nam
692 2333 761 2388 rex
784 2300 887 2408 ille,
909 2300 962 2386 de
986 2334 1074 2421 quo
1099 2302 1289 2420 loquor,
1321 2304 1517 2414 primum

293 2579 296 2586 1
437 2511 485 2576 (a)
506 2507 551 2562 lta
566 2505 631 2563 cod.
646 2507 699 2564 etsi
716 2507 805 2584 paulo
823 2519 891 2566 ante
908 2517 1013 2586 otqrae.
1040 2510 1086 2578 (b)
1111 2507 1232 2567 ltneod.
1253 2528 1280 2566 a.
1301 2523 1408 2576 mann3
1427 2515 1460 2562 at
1484 2525 1513 2562 r.

395 2587 494 2668 adone
510 2605 700 2664 cognoscere.
721 2594 906 2667 Quamquam
925 2610 1028 2668 reapse
1046 2612 1106 2649 non
1122 2587 1164 2649 acl
1181 2591 1236 2650 sed
1251 2611 1309 2670 que
1331 2600 1361 2646 et
1377 2609 1409 2647 co
1425 2587 1516 2646 litte·

397 2684 448 2726 rae
469 2683 581 2727 tantum
599 2671 740 2729 uidentur
759 2671 888 2732 deletae.
900 2675 1015 2733 Addita
1033 2687 1078 2731 est
1096 2687 1194 2732 tamen
1212 2695 1231 2734 a
1249 2687 1316 2732 ante
1335 2689 1516 2751 agnoscere.

396 2751 459 2818 Sed
481 2753 673 2836 scribendum
692 2755 812 2816 uidetur
829 2769 919 2838 ateste
934 2764 1118 2838 cognoscite.
1187 2817 1190 2822 .

395 2883 730 3068 elil.⁵p'.¹¹il1⁰.¹¹1l.⁸
747 2890 928 3072 .}¹.¹.¹.·.¹.³31
968 2890 1515 3076 §.llllt‘itt'tllt’Jttt
1612 2938 1615 2949 '

441 3067 494 3162 (a)
517 3071 661 3139 Tacitus
686 3071 764 3144 hist.
784 3073 846 3140 Ill.
871 3099 926 3168 72.
974 3077 1037 3142 lis.
1067 3073 1310 3142 Verumtamen
1324 3098 1361 3140 ea
1372 3089 1512 3138 senten-

393 3159 520 3251 aliique
539 3161 856 3251 passim'historici.
977 3168 1023 3232 tia
1047 3163 1199 3236 Platonis
1227 3168 1364 3234 minime
1396 3159 1515 3254 placet

400 3289 403 3294 ·
440 3252 494 3346 (3)
519 3255 670 3346 Signiam
700 3259 734 3320 el
752 3257 926 3323 Circeios.
974 3255 1155 3326 Aristoteli·
1168 3257 1261 3347 reip.¹
1277 3277 1313 3322 v.
1331 3281 1386 3338 ta,
1402 3255 1515 3344 quiet
1617 3297 1618 3307 κ

393 3345 655 3437 Dionysiustv.
680 3345 930 3424 6331siuiust:
974 3351 1172 3416 uniuersam
1208 3349 1360 3416 Platonis
1384 3369 1517 3436 nempe

395 3438 451 3504 66.
928 3464 932 3492 v
975 3435 1133 3542 legesque
1181 3443 1331 3530 grauiter
1373 3455 1515 3506 accusat

443 3522 496 3615 (4)
523 3524 721 3594 Naturalem
757 3525 929 3614 quandem·
973 3550 1057 3616 rerp.
1078 3531 1172 3595 Il.1.
1195 3554 1305 3606 asnec
1324 3553 1395 3597 non
1419 3527 1515 3621 poli-

394 3637 463 3680 esse
481 3615 827 3706 rerumpublicarum
844 3637 929 3682 oon-¹
976 3619 1063 3685 tiens
1076 3643 1217 3711 gram
1229 3622 1408 3688 anticanus
1420 3673 1429 3688 .
1443 3619 1513 3692 sed

393 3705 586 3772 censionem
615 3724 716 3796 atque
747 3709 928 3797 periodum
974 3711 1065 3776 e'nim
1085 3712 1259 3794 Ciceronis
1270 3734 1411 3802 quoqne
1421 3736 1513 3803 resp.

393 3797 566 3864 contendit
590 3795 692 3874 Plato
718 3802 814 3889 reipo·
832 3819 929 3866 tnta
971 3803 1166 3893 uituperatn·
1188 3801 1255 3868 fuis
1271 3827 1305 3870 :a
1335 3806 1513 3898 Didymo,

389 3913 425 3980 p.
446 3887 525 3972 546.
544 3913 566 3954 a
580 3913 653 3980 qno
681 3914 716 3959 se
736 3891 825 3960 hano
843 3895 930 3960 send
972 3913 1088 3963 eontra
1102 3917 1206 3987 quern
1223 3898 1360 3986 scripsit
1370 3919 1431 3986 pro
1446 3899 1513 3969 Ci-

392 3983 534 4050 tenti'nr'n
546 3985 695 4050 mutuari
708 3982 927 4052 latetannlt
973 4007 1095 4058 corone
1120 3989 1302 4058 Suetonius
1322 4035 1340 4070 ,,
1357 4005 1394 4054 ut
1417 3987 1513 4054 ‹tixi-

390 4072 458 4142 lius
478 4075 519 4139 de
539 4077 647 4142 di‘uim
674 4077 719 4141 ΙΙ.
736 4103 768 4144 a:
784 4101 810 4143 a
836 4077 926 4145 Pta—
971 4100 1047 4146 tnus
1067 4082 1103 4148 in
1122 4079 1352 4170 praelatione.
1505 4135 1512 4142 .

390 4183 471 4235 tone
486 4163 774 4261 philosophiaque
786 4167 928 4235 ardice.
1019 4168 1073 4264 (5)
1098 4173 1155 4242 Sic
1175 4175 1313 4242 omnino
1341 4169 1509 4259 loquitur

392 4280 467 4327 rom
478 4261 657 4328 murales
674 4285 748 4328 esse
756 4261 924 4373 quasdam
973 4259 1172 4332 Aristoteles
1189 4267 1275 4355 reip.
1291 4283 1361 4353 η).
1382 4263 1434 4328 De
1446 4285 1507 4328 re-

390 4355 633 4420 eonuersiones
663 4368 779 4422 rernm
804 4352 925 4446 publr'-
971 4377 1083 4447 rump.
1103 4349 1422 4424 commutationibus
1446 4377 1508 4420 ac-

392 4461 587 4528 cerrimus
600 4469 666 4512 eae
693 4461 762 4574 aare
779 4471 804 4534 a
816 4450 925 4540 ptine
970 4466 1087 4521 curate
1110 4451 1179 4548 agit
1201 4451 1293 4526 idem
1303 4443 1511 4542 Anatotelea
