3262 5662
505 543 857 610 erasurus
1001 551 1028 584 s
1112 520 1192 641 i77'
1330 613 1335 624 ,

101 661 246 750 cadem
282 657 391 748 uidil
423 659 510 746 fere
533 685 612 754 (ι).
646 664 791 780 ltaque
820 662 894 746 ista
926 658 1198 780 aequabilitas

102 827 226 924 atque
243 805 323 891 hoc
346 802 499 919 triplex
522 834 664 888 rerum
687 787 955 918 publicarum
979 833 1111 921 genus
1135 803 1201 888 ui-

99 943 224 1032 detur
255 945 361 1032 mihi
387 973 614 1032 commune
637 942 762 1030 nobis
796 942 1002 1030 cumillis
1032 944 1201 1058 populis

95 1085 288 1178 fuissem
308 1151 320 1172 .
353 1083 439 1171 Sed
463 1085 583 1201 quod
607 1089 827 1202 proprium
851 1089 969 1174 sitin
993 1109 1133 1172 nostra
1157 1107 1203 1170 re

93 1225 299 1344 publica,
325 1252 419 1344 ¹quo
444 1223 549 1306 nihil
572 1226 705 1336 possit
737 1255 824 1308 csse
853 1225 1131 1338 praeclarius,
1156 1221 1203 1308 id

98 1393 328 1482 persequar
352 1363 387 1446 si
413 1382 564 1475 potero
589 1360 818 1468 subtilius,
850 1362 972 1480 quod
988 1366 1067 1448 erit
1083 1359 1205 1474 cius-l

94 1506 216 1595 modi
242 1565 257 1612 ,
303 1503 407 1592 nihil
431 1525 479 1589 ut
500 1502 584 1588 tale
607 1503 694 1590 ulla
716 1507 764 1590 in
787 1537 830 1592 re
853 1504 1023 1619 publica
1047 1537 1204 1624 reppe-
1236 1545 1268 1605 p,
1290 1545 1343 1618 40,
1417 1525 1420 1532 ⁴

98 1650 274 1738 riatur.
306 1646 423 1732 Haec
453 1645 565 1730 enim
597 1675 705 1762 quae
730 1641 867 1730 adhuc
900 1647 1105 1760 exposui,
1151 1649 1207 1734 ita

100 1793 228 1876 mixta
251 1791 425 1879 suerunt
448 1811 490 1872 et
513 1789 557 1874 in
580 1787 656 1874 hac
680 1789 845 1874 ciuitate
870 1809 910 1873 et
932 1790 977 1876 in
994 1788 1206 1876 Lacaede-

96 1933 349 2018 moniorum
374 1931 482 2014 etin
506 1927 944 2046 Karthaginiensium,
973 1951 1021 2014 ut
1043 1951 1210 2046 tempe-

97 2093 187 2158 rata
224 2070 347 2160 nullo
379 2069 537 2156 luerint
566 2068 699 2154 modo
726 2083 803 2160 (3).
834 2068 948 2158 Nam
978 2070 1024 2156 in
1048 2091 1131 2189 qua
1162 2107 1209 2173 re

95 2301 178 2384 tile,
203 2315 384 2401 propterca
398 2299 489 2390 qnod
510 2301 629 2370 Cicero
677 2299 723 2368 ait
741 2299 924 2393 Dionysius
947 2299 992 2369 11.
1014 2299 1069 2394 49.
1197 2363 1200 2370 .

95 2397 215 2464 scribit
240 2411 418 2462 xxxvrtrt
440 2439 450 2474 ,
475 2407 509 2458 et
532 2391 633 2474 aliter
725 2392 779 2487 (a)
803 2395 942 2482 Spartae
973 2409 1096 2461 statum
1120 2395 1209 2464 ciui·
1272 2393 1276 2400 ’
1343 2391 1354 2400 ”

94 2492 197 2556 sentit
209 2489 252 2557 tle
264 2487 410 2555 duarum
421 2484 560 2552 urbium
572 2509 629 2551 ae·
676 2484 744 2552 lem
774 2510 853 2642 repe
882 2487 1038 2578 gemino,
1068 2485 1209 2558 delectis

96 2593 187 2650 tate.
676 2579 807 2668 proceri
835 2601 897 2659 us,
917 2594 950 2644 et
972 2595 1134 2668 potestate
1148 2605 1211 2672 po·

142 2672 197 2770 (1)
223 2675 409 2762 Comparat
428 2670 549 2741 Cicero
568 2689 631 2734 ro·-
677 2669 788 2760 pulari
806 2669 907 2735 luisse
926 2671 1091 2751 mixtum,
1110 2697 1209 2738 nemo

94 2783 196 2836 mana
215 2767 369 2834 instituta
400 2785 479 2830 cum
497 2759 632 2828 laconi·
678 2763 821 2870 ignorat.
835 2758 890 2828 Ad
903 2763 1033 2829 Poenos
1046 2763 1138 2854 quod
1148 2765 1211 2842 ad:-

95 2860 164 2926 cis.
185 2860 254 2928 Vix
272 2873 386 2926 autem
404 2856 522 2922 dubito
547 2854 632 2941 quin
678 2871 763 2921 tmet
772 2855 858 2921 Cato
867 2855 956 2940 apud
965 2855 1207 2922 Seruiumaeu.

95 2951 267 3044 quidquid
285 2949 350 3014 hac
375 2969 474 3034 super
491 2970 529 3011 rc
548 2945 634 3009 scri·
681 2965 735 3010 lv.
757 2948 836 3014 682.
857 2944 925 3025 ait,
943 2943 989 3012 de
1008 2947 1213 3039 tn'buspar-

97 3046 164 3133 psit
178 3045 314 3120 Cicero,
324 3040 360 3104 id
373 3036 442 3102 lere
456 3059 473 3099 e
486 3032 633 3122 Polybio
680 3037 769 3101 tibus
783 3033 929 3126 poliu'ae
945 3038 1087 3127 ‚populi
1100 3083 1110 3114 ‚
1123 3044 1214 3128 opti-

95 3125 635 3219 v1.43.seqq.hauserit,quiro-
682 3129 846 3198 matium,
865 3129 982 3210 regiae
1010 3132 1213 3214 potestatis,
1280 3191 1281 3196 ,

93 3245 235 3290 manem
254 3241 325 3286 rem
353 3265 361 3281 .
382 3231 538 3280 accurate
550 3233 632 3300 pro·
679 3213 878 3278 ordinatam
879 3215 997 3298 fuisse
1017 3212 1215 3307 Karthagi-

95 3314 234 3406 lixeque
247 3241 490 3378 cumianonica
509 3321 542 3372 et
555 3323 635 3368 cum
679 3325 778 3373 nem.
799 3299 855 3370 Ad
879 3300 1145 3370 confirmandam
1156 3327 1215 3372 ro-

95 3409 223 3500 punica
252 3402 383 3470 confert
404 3449 412 3463 .
437 3395 631 3466 Athenaeus
677 3417 794 3461 manae
811 3394 894 3482 reip.
909 3409 942 3460 et
959 3393 1215 3489 karthaginien-

97 3523 236 3590 quoque
251 3515 346 3564 vuar
372 3493 419 3556 ait
432 3491 632 3558 Romanosa
679 3488 723 3556 sis
735 3483 994 3554 similitudinem
1006 3485 1100 3554 ualet
1112 3492 1215 3556 etiam

97 3587 373 3660 Lacedaemoniis
391 3595 562 3650 mutuatos
580 3601 634 3644 es·
679 3580 773 3668 quod
791 3574 991 3648 Aristoteles
1014 3581 1097 3670 reip.
1109 3583 1154 3649 Il.
1174 3607 1209 3650 ιι

100 3709 133 3752 sc
176 3680 353 3774 politicam
391 3670 633 3763 disciplinam,
680 3669 832 3738 laconica
851 3671 1004 3738 instituta
1023 3678 1215 3765 cumpuni-

100 3797 202 3868 quam
220 3792 255 3843 ct
272 3773 333 3840 his·
344 3771 425 3862 ipsis
449 3762 635 3832 meliusne-
676 3765 729 3828 cis
743 3762 935 3851 conspirare
954 3765 1001 3830 sit
1015 3793 1023 3828 :
1036 3787 1215 3855 quumau-

100 3869 265 3935 timuerint
289 3913 297 3930 .
324 3862 479 3930 Instituta
503 3853 634 3920 laconi·
679 3869 750 3919 tem
769 3870 899 3919 constet
921 3876 1059 3921 romana
1079 3855 1214 3922 laconi·-

101 3983 138 4027 ea
164 3958 268 4026 fuisse
299 3955 444 4021 admixta
478 3965 636 4014 romanae
682 3946 729 4012 cis
747 3965 844 4031 saepe
862 3942 963 4009 luisse
981 3945 1132 4026 similia,
1156 3969 1213 4012 se-

100 4055 182 4142 reip.
197 4051 356 4118 obseruas
374 4038 578 4111 Plutarchus
595 4037 632 4099 in
678 4036 796 4128 quitur
814 4049 853 4098 ut
871 4053 978 4121 aeque
996 4033 1065 4102 lere
1077 4037 1121 4102 ad
1143 4061 1214 4128 pu..

101 4144 212 4210 Numa
225 4165 302 4230 cap.
317 4141 350 4204 ll
367 4184 376 4219 ,
390 4138 538 4222 itemque
551 4128 634 4196 Dio·
679 4130 756 4196 nicu
775 4125 974 4194 accesserint
989 4175 997 4191 .

99 4237 217 4327 nysius
256 4231 379 4300 11.23.
410 4227 492 4294 Fuit
522 4221 635 4287 Numa
729 4214 782 4313 (3)
802 4214 1214 4299 Ensubtilis,sedueris-

106 4327 265 4408 sabinus,
284 4320 402 4393 Sabini
432 4331 544 4383 autem
563 4313 635 4376 La·
679 4313 897 4400 sima,quam
909 4310 1029 4378 Cicero
1046 4309 1215 4392 faciut}-

105 4440 231 4484 conum
258 4413 412 4492 colonia,
432 4427 466 4476 et
496 4406 635 4497 quidem
680 4402 818 4470 stinctio
841 4402 927 4489 reip.
945 4401 1066 4468 mixtae
1084 4429 1103 4470 a
1123 4421 1214 4471 tem·

105 4509 258 4607 Lycurgi
269 4527 417 4604 tempore
431 4501 636 4603 dederuut
675 4509 818 4594 mrsu.
843 4492 954 4562 suum
971 4492 1062 4582 huuc
1076 4496 1124 4578 ‚de
1139 4521 1213 4592 rep,

868 4587 926 4680 23
