3276 5660
531 634 584 692 SG
595 633 659 692 ΗΟ
672 634 721 736 111
731 633 797 695 on
915 643 920 656 '

415 799 462 854 De
481 802 584 876 qttorti
610 799 684 860 libri
696 800 905 878 fragmentis.

142 957 331 1024 Laclantiutn
348 960 462 1041 duplici
482 974 512 1020 et
528 982 599 1024 uera
615 961 707 1024 laude
724 979 811 1025 ornat
829 967 1027 1041 Hieronymus
1047 973 1060 1035 (
1070 985 1117 1042 ep.
1133 962 1171 1026 5⁸
1194 981 1227 1042 qt

103 1057 167 1126 70)
186 1045 268 1120 quod
286 1065 393 1122 nempe
419 1045 502 1124 quasi
520 1046 644 1124 quidam
666 1047 774 1110 lluuius
791 1049 978 1130 eloquentiae
993 1047 1138 1112 tullianae
1156 1050 1227 1108 iuo-

100 1128 160 1198 rit‚
179 1140 208 1186 et
227 1130 309 1204 quod
328 1127 517 1204 dialogorum
536 1129 688 1188 Ciceronis
711 1133 860 1211 epitomen
886 1133 1008 1192 lecerit.
1029 1131 1226 1210 Dialogurutn

101 1223 200 1270 autem
226 1209 419 1271 tullianorum
450 1211 568 1270 nomine
595 1211 689 1270 libros
715 1215 779 1274 lere
804 1217 843 1278 de
871 1235 934 1294 rep.
963 1213 1015 1272 abs
1043 1217 1227 1294 Hieronymo

104 1294 231 1369 aliisque
250 1294 420 1352 auctoribus
437 1291 510 1358 κατ’
529 1289 650 1374 t'lextir
669 1293 830 1374 significari
839 1343 849 1372 ,
864 1299 980 1380 sapiens
1001 1298 1123 1360 Patricii
1140 1313 1170 1354 et
1184 1293 1225 1356 tt.

101 1383 220 1442 Schotti
244 1380 413 1441 obseruatio
440 1395 503 1453 est3
530 1384 599 1460 quia
626 1383 742 1444 scilicet
759 1383 844 1442 nulla
863 1384 1026 1466 disputatio
1051 1385 1163 1444 maiore
1189 1385 1229 1443 sit

101 1466 292 1524 contentione
311 1464 413 1528 habita
431 1479 482 1524 aut
501 1466 579 1526 inter
597 1466 718 1545 plures.
738 1469 801 1526 lem
819 1483 962 1544 quantum
990 1477 1007 1526 e‘
1025 1467 1228 1549 superioribus

22 1564 28 1578 ³
100 1547 139 1606 de
156 1567 220 1627 rep.
233 1548 319 1608 libris
335 1551 507 1608 Lactantius
525 1548 710 1629 decerpserit
720 1593 730 1620 ,
747 1550 827 1623 l'ber
842 1545 923 1610 meus
941 1550 1001 1608 late
1020 1551 1228 1621 demonstran

99 1632 156 1690 etsi
176 1633 311 1690 nondum
329 1632 498 1693 cumulate=
516 1648 592 1711 puto
610 1634 687 1696 enirn
707 1653 769 1694 esse
787 1633 860 1694 elios
880 1633 962 1712 apud
979 1633 1060 1698 hunc
1077 1645 1229 1696 auctorem

98 1723 179 1788 (neo
195 1736 257 1779 non
274 1715 356 1794 apud
379 1716 610 1793 Augustiuum)
632 1715 734 1780 ciuiles
758 1717 852 1780 Tullii
870 1715 1031 1793 reliquias,
1051 1737 1123 1796 quas
1141 1717 1229 1774 dein-

100 1818 171 1879 ceps
180 1842 192 1869 ‚
209 1812 243 1857 ut
261 1818 411 1877 auguror,
428 1800 585 1860 doctorum
602 1801 737 1860 uirorum
755 1820 879 1860 acumen
897 1802 1036 1876 deteget,
1053 1813 1081 1856 rt
1097 1801 1128 1858 in
1145 1799 1230 1856 sedes

99 1901 252 1960 quemque
277 1901 346 1940 suas
363 1883 449 1960 quasi
466 1882 650 1961 postliminio
668 1883 838 1945 reuocabit.
864 1886 951 1942 Nunc
968 1879 1229 1962 ego'quartumde

100 1966 287 2044 replibrum
307 1964 557 2036 adumbratum,
569 1967 652 2026 cuius
664 1967 818 2029 minimum
834 1965 865 2024 in
878 1967 1014 2028 uaticano
1033 1965 1135 2026 codice
1145 1966 1230 2041 trag-

57 2115 61 2127 ,
100 2065 236 2108 mentum
255 2061 408 2126 superest,
425 2069 520 2129 pauca
539 2048 600 2106 elia
617 2051 700 2131 apud
728 2049 870 2127 quosdam
889 2063 1019 2120 ueterem
1043 2048 1083 2106 ad
1100 2052 1231 2110 Lactan-

101 2133 177 2192 tium
198 2133 297 2192 denuo
316 2130 462 2208 respicio:
490 2130 522 2189 iu
544 2131 633 2194 huius
660 2133 774 2211 quippe
798 2131 941 2212 operibus
969 2132 1127 2210 imaginem
1154 2131 1229 2202 mibi

99 2219 253 2298 qtmudam
269 2214 418 2294 praedicti
437 2215 508 2274 libri
532 2214 760 2294 deprehendere
778 2217 902 2276 uideor.

140 2303 239 2360 stores
258 2310 287 2358 et
305 2297 497 2375 disciplinam
517 2299 590 2378 reip.
609 2299 814 2358 inlormauisse
840 2297 900 2362 hoc
925 2299 1006 2358 libro
1023 2295 1179 2365 Tullium,
1198 2296 1230 2354 in

100 2385 236 2442 coalesco
255 2393 316 2439 ests
336 2395 459 2441 cunctas
482 2380 560 2444 enim
587 2402 622 2441 eo
642 2379 954 2462 spectantreliquiae.
980 2386 1083 2441 Porro·
1099 2385 1231 2439 Laetam-

98 2467 159 2524 tius
175 2466 240 2524 siue
258 2465 290 2520 in
307 2465 543 2526 institutionibus
572 2485 616 2527 vt.
637 2471 747 2534 noval,
766 2464 830 2524 siue
853 2463 941 2528 etiam
960 2463 990 2520 in
1016 2464 1147 2544 epitome
1162 2483 1228 2542 cap.

23 2586 25 2590 ·
98 2551 202 2610 ‹ts-63
221 2548 260 2605 de
271 2547 403 2606 moribus
414 2548 454 2606 ita
466 2548 602 2618 disserit,
613 2556 646 2604 ut
666 2546 790 2610 tulliana
808 2551 974 2626 fragmenta
984 2548 1024 2606 ad
1041 2547 1103 2609 eius
1118 2545 1233 2604 oratio-

98 2653 169 2692 nem
183 2631 275 2692 facile
293 2631 569 2690 accommodentur.
589 2629 699 2688 Scribit
717 2631 794 2692 enirn
805 2630 976 2694 Lactantius
989 2643 1090 2703 eontra
1100 2629 1230 2710 quinque

99 2735 242 2775 sensuum
265 2714 456 2794 uoluptates.
479 2717 516 2772 Et
533 2712 564 2774 in
582 2713 736 2794 uoluptate
751 2713 871 2794 quidem
890 2714 1043 2774 oculorum
1061 2713 1231 2790 spectacula

98 2799 256 2878 uituperat
275 2796 345 2858 circi
364 2810 394 2856 et
410 2817 532 2857 scenae:
558 2798 589 2855 itt
610 2797 726 2856 aurium
749 2797 902 2876 uoluptate
920 2796 1081 2864 musicem,
1099 2815 1154 2854 nce
1170 2816 1231 2852 uon

99 2883 267 2942 carminum
290 2879 486 2940 ac'suauioris
509 2879 652 2940 orationis
670 2880 841 2942 illecebras:
871 2882 900 2938 in
919 2878 1123 2962 uoluptatibus
1139 2899 1231 2958 sapo-

98 2967 140 3024 ris
160 2982 190 3026 et
211 2965 313 3024 odoris
335 2965 407 3021 satis
426 2963 520 3024 habet
537 2963 655 3030 dicere,
675 2977 764 3042 turpe
787 2983 848 3022 esse
870 2961 997 3039 sapienti
1024 2984 1059 3020 ac
1080 2962 1178 3032 bono,
1202 2963 1230 3022 si

97 3052 199 3108 uentri
218 3063 248 3109 et
272 3047 360 3123 gulae
378 3045 508 3116 seruiat,
527 3044 551 3102 si
575 3044 732 3119 unguentis
750 3044 913 3107 oblitusne
931 3047 1053 3108 boribus
1072 3059 1230 3106 coronatus

96 3134 247 3193 incedat.-
266 3131 297 3186 in
322 3140 418 3188 tactus
444 3125 599 3206 uoluptate
619 3125 777 3186 libidinem
808 3126 893 3202 graui
920 3137 949 3184 et
979 3126 1072 3183 multa
1097 3127 1229 3184 oratione

99 3216 251 3292 castigat.
271 3207 444 3271 Generatim
463 3228 533 3266 uero
555 3207 784 3286 parsimoniam,
802 3208 1013 3272 continentiam
1023 3249 1032 3279 ,
1050 3208 1231 3284 simplicita-

97 3312 222 3376 temque
240 3295 319 3354 uitae
340 3291 544 3352 commendat.
569 3291 685 3363 Quibus
702 3291 869 3367 peroratis,
889 3290 929 3350 ait
947 3311 1010 3368 cap.
1031 3297 1079 3364 nl:
1098 3293 1169 3352 baec
1185 3304 1232 3350 est

99 3389 160 3443 illa
182 3387 236 3441 ise
254 3384 327 3448 Dei,
346 3389 378 3436 nt
395 3395 416 3434 a
434 3381 577 3438 Cicerone
591 3375 706 3436 dictum
722 3386 767 3432 est
775 3415 784 3446 ‚
800 3379 961 3454 praeclara
977 3377 1148 3445 cinicino,
1158 3397 1232 3435 serre*

94 3489 153 3546 pa·
163 3485 245 3547 qm
259 3471 342 3526 reete
359 3471 388 3524 et
404 3460 529 3517 honesta
543 3463 555 3518 i
558 3457 626 3522 ubet
683 3461 857 3536 cuiuslegis
874 3475 973 3536 panca
984 3463 1119 3538 eqttidem
1130 3467 1232 3539 capite

97 3557 194 3629 poetri
251 3551 349 3627 siquis
365 3547 552 3607 ttoletcetera
562 3547 661 3605 omnia
673 3543 934 3621 comprehendere,
950 3545 1079 3621 exserite
1095 3550 1161 3628 ipso
1175 3565 1232 3623 pe-

101 3646 149 3694 tat
159 3676 169 3705 ,
186 3635 270 3692 tende
286 3629 327 3692 cd
350 3647 407 3687 nos
424 3633 514 3686 rietus
540 3631 599 3684 iste
612 3635 767 3689 mertattit.
786 3623 874 3684 lllam
893 3646 1008 3706 quoque
1034 3625 1231 3688 imitationem

103 3738 167 3777 ease
186 3725 324 3784 constat,
342 3709 423 3788 quod
441 3723 501 3768 tam
518 3708 549 3772 in
568 3709 669 3768 'l'ullio
688 3731 775 3786 quam
794 3705 876 3788 apud
895 3709 1079 3773 Lactantiutn
1098 3712 1231 3790 dispula-

99 3801 216 3860 tionam
237 3799 275 3857 de
302 3795 415 3860 iustitia
435 3791 568 3870 sequitur
585 3789 661 3852 baec
684 3791 821 3853 doctriua
839 3794 877 3852 de
895 3793 1043 3855 muribus.
1063 3795 1123 3857 Sed
1152 3796 1230 3854 enim

100 3885 242 3944 ordinem
259 3877 379 3940 tulliani
400 3873 469 3938 libri
489 3887 588 3935 atrum
614 3873 787 3936 Lactantius
803 3874 835 3930 in
862 3887 962 3945 tanta,
979 3897 1037 3958 qua
1060 3877 1170 3950 utitur,
1187 3877 1250 3933 tin

100 3969 223 4028 horeste
240 3960 403 4024 seruauerit
413 3987 422 4028 5
443 3959 588 4036 incertum
605 3969 667 4016 est:
687 3955 776 4017 immo
794 3957 831 4018 ab
851 3974 884 4012 ec
901 3977 990 4036 saepe
1006 3957 1154 4017 desertum
1177 3979 1230 4016 ar-

98 4051 217 4113 bitror.
240 4041 441 4120 Quamobrem
459 4061 515 4117 ego
531 4037 586 4100 bes
603 4038 746 4115 reliquias
763 4040 817 4101 etsi
832 4039 979 4114 quaedam
997 4038 1029 4100 in
1047 4039 1144 4121 cepit·
1157 4061 1230 4100 cona·

100 4129 249 4212 globati,
272 4129 373 4186 sedem
401 4139 498 4183 temen
516 4142 615 4180 earum
640 4122 826 4206 primitiuant
846 4135 875 4180 et
893 4141 994 4185 ueram
1017 4120 1152 4182 diuinare
1168 4117 1230 4184 uon

100 4239 180 4294 queo
202 4255 210 4269 .
235 4215 311 4271 Nam
331 4225 361 4270 et
385 4206 476 4286 prisci
498 4208 735 4282 fragmentorum
758 4207 797 4268 dc
823 4226 884 4286 rep.
903 4205 1120 4275 sarcinatores,
1138 4207 1229 4285 Sigo-

99 4293 171 4360 nius
190 4309 280 4371 atque
299 4287 458 4358 Patricius,
469 4301 653 4368 quantopere
669 4309 686 4346 a
705 4309 778 4351 uera
793 4289 981 4357 serie,nulla
998 4288 1129 4367 ipsorum
1146 4293 1229 4351 fratt-

101 4385 165 4448 de,
191 4377 412 4443 abstruserint,
434 4393 513 4438 nunc
537 4373 656 4430 demum
674 4373 806 4432 editione
832 4391 898 4431 mett
915 4372 1099 4452 patefactum
1117 4381 1180 4430 est.'
1213 4393 1218 4400 ·

143 4465 213 4528 lam
230 4460 312 4542 quod
327 4455 504 4532 Lactantius
526 4453 565 4520 de
585 4454 658 4538 opit
676 4457 712 4521 D.
736 4476 801 4540 cap·
822 4477 834 4518 t
859 4455 907 4519 ait
931 4455 1069 4556 Tullium
1098 4467 1229 4546 temptu-
