<?xml version="1.0" encoding="UTF-8"?>
<!DOCTYPE html PUBLIC "-//W3C//DTD XHTML 1.0 Transitional//EN"
    "http://www.w3.org/TR/xhtml1/DTD/xhtml1-transitional.dtd">
<html xmlns="http://www.w3.org/1999/xhtml" xml:lang="en" lang="en">
 <head>
  <title>
</title>
<meta http-equiv="Content-Type" content="text/html;charset=utf-8" />
  <meta name='ocr-system' content='tesseract 3.04.00' />
  <meta name='ocr-capabilities' content='ocr_page ocr_carea ocr_par ocr_line ocrx_word'/>
</head>
<body>
  <div class='ocr_page' id='page_1' title='image "./mtulliciceronis00maigoog/mtulliciceronis00maigoog_0204.png"; bbox 0 0 3262 5662; ppageno 0'>
   <div class='ocr_carea' id='block_1_1' title="bbox 13 451 1217 1853">
    <p class='ocr_par' dir='ltr' id='par_1_1' title="bbox 13 451 1217 1853">
     <span class='ocr_line' id='line_1_1' title="bbox 458 451 1200 556; baseline -0.007 -4"><span class='ocrx_word' id='word_1_1' title='bbox 458 477 812 556; x_wconf 54' lang='lat' dir='ltr'>&amp;crucris</span> <span class='ocrx_word' id='word_1_2' title='bbox 1118 451 1200 542; x_wconf 72' lang='lat'>132</span> 
     </span>
     <span class='ocr_line' id='line_1_2' title="bbox 96 599 1210 726; baseline -0.009 -36"><span class='ocrx_word' id='word_1_3' title='bbox 96 603 177 692; x_wconf 84' lang='lat' dir='ltr'>otti</span> <span class='ocrx_word' id='word_1_4' title='bbox 211 603 350 712; x_wconf 83' lang='lat' dir='ltr'>suut,</span> <span class='ocrx_word' id='word_1_5' title='bbox 381 635 567 724; x_wconf 85' lang='lat' dir='ltr'>quorum</span> <span class='ocrx_word' id='word_1_6' title='bbox 599 609 688 726; x_wconf 87' lang='lat' dir='ltr'>agri</span> <span class='ocrx_word' id='word_1_7' title='bbox 719 637 807 690; x_wconf 89' lang='lat' dir='ltr'>non</span> <span class='ocrx_word' id='word_1_8' title='bbox 837 599 1082 718; x_wconf 86' lang='lat' dir='ltr'>contingant</span> <span class='ocrx_word' id='word_1_9' title='bbox 1112 627 1210 682; x_wconf 91' lang='lat' dir='ltr'>ma-</span> 
     </span>
     <span class='ocr_line' id='line_1_3' title="bbox 95 737 1213 862; baseline -0.009 -30"><span class='ocrx_word' id='word_1_10' title='bbox 95 777 175 833; x_wconf 85' lang='lat' dir='ltr'>re:</span> <span class='ocrx_word' id='word_1_11' title='bbox 211 769 257 832; x_wconf 88' lang='lat' dir='ltr'>ct</span> <span class='ocrx_word' id='word_1_12' title='bbox 279 769 387 832; x_wconf 82' lang='lat' dir='ltr'>extra</span> <span class='ocrx_word' id='word_1_13' title='bbox 412 747 754 862; x_wconf 83' lang='lat' dir='ltr'><strong>Peloponnesum</strong></span> <span class='ocrx_word' id='word_1_14' title='bbox 777 745 963 831; x_wconf 86' lang='lat' dir='ltr'>Euianos</span> <span class='ocrx_word' id='word_1_15' title='bbox 989 767 1036 837; x_wconf 79' lang='lat' dir='ltr'>ta)</span> <span class='ocrx_word' id='word_1_16' title='bbox 1055 761 1096 826; x_wconf 87' lang='lat' dir='ltr'>ct</span> <span class='ocrx_word' id='word_1_17' title='bbox 1118 737 1213 825; x_wconf 89' lang='lat' dir='ltr'>Do-</span> 
     </span>
     <span class='ocr_line' id='line_1_4' title="bbox 13 869 1216 1008; baseline -0.007 -32"><span class='ocrx_word' id='word_1_18' title='bbox 13 869 38 914; x_wconf 47' lang='lat' dir='ltr'>&#39;s</span> <span class='ocrx_word' id='word_1_19' title='bbox 96 892 155 976; x_wconf 84' lang='lat' dir='ltr'>ris</span> <span class='ocrx_word' id='word_1_20' title='bbox 182 914 225 976; x_wconf 85' lang='lat' dir='ltr'>et</span> <span class='ocrx_word' id='word_1_21' title='bbox 254 891 446 1008; x_wconf 82' lang='lat' dir='ltr'>Dolopes</span> <span class='ocrx_word' id='word_1_22' title='bbox 475 893 557 980; x_wconf 83' lang='lat' dir='ltr'>soti</span> <span class='ocrx_word' id='word_1_23' title='bbox 586 890 739 978; x_wconf 83' lang='lat' dir='ltr'>absunt</span> <span class='ocrx_word' id='word_1_24' title='bbox 776 919 799 974; x_wconf 85' lang='lat' dir='ltr'>a</span> <span class='ocrx_word' id='word_1_25' title='bbox 830 891 966 977; x_wconf 86' lang='lat' dir='ltr'>mari.</span> <span class='ocrx_word' id='word_1_26' title='bbox 998 880 1118 998; x_wconf 86' lang='lat' dir='ltr'><strong>Quid</strong></span> <span class='ocrx_word' id='word_1_27' title='bbox 1149 879 1216 968; x_wconf 88' lang='lat' dir='ltr'>di-</span> 
     </span>
     <span class='ocr_line' id='line_1_5' title="bbox 96 1023 1214 1154; baseline -0.006 -34"><span class='ocrx_word' id='word_1_28' title='bbox 96 1063 190 1120; x_wconf 88' lang='lat' dir='ltr'>cam</span> <span class='ocrx_word' id='word_1_29' title='bbox 225 1037 385 1124; x_wconf 87' lang='lat' dir='ltr'>insulas</span> <span class='ocrx_word' id='word_1_30' title='bbox 416 1029 654 1126; x_wconf 77' lang='lat' dir='ltr'>Graeciae?</span> <span class='ocrx_word' id='word_1_31' title='bbox 687 1065 795 1154; x_wconf 86' lang='lat' dir='ltr'>quae</span> <span class='ocrx_word' id='word_1_32' title='bbox 826 1023 1024 1120; x_wconf 82' lang='lat' dir='ltr'>fluctibus</span> <span class='ocrx_word' id='word_1_33' title='bbox 1056 1033 1214 1116; x_wconf 80' lang='lat' dir='ltr'>cinctae</span> 
     </span>
     <span class='ocr_line' id='line_1_6' title="bbox 93 1173 1213 1292; baseline -0.001 -29"><span class='ocrx_word' id='word_1_34' title='bbox 93 1197 248 1263; x_wconf 87' lang='lat' dir='ltr'>natant</span> <span class='ocrx_word' id='word_1_35' title='bbox 272 1207 403 1290; x_wconf 85' lang='lat' dir='ltr'>paene</span> <span class='ocrx_word' id='word_1_36' title='bbox 428 1180 549 1292; x_wconf 59' lang='lat' dir='ltr'>ipsae*</span> <span class='ocrx_word' id='word_1_37' title='bbox 567 1190 613 1262; x_wconf 71' lang='grc' dir='ltr'>(ὁ)</span> <span class='ocrx_word' id='word_1_38' title='bbox 633 1174 759 1262; x_wconf 89' lang='lat' dir='ltr'>simul</span> <span class='ocrx_word' id='word_1_39' title='bbox 784 1197 882 1260; x_wconf 88' lang='lat' dir='ltr'>cum</span> <span class='ocrx_word' id='word_1_40' title='bbox 905 1173 1144 1260; x_wconf 86' lang='lat' dir='ltr'>ciuitatium</span> <span class='ocrx_word' id='word_1_41' title='bbox 1168 1193 1213 1264; x_wconf 63' lang='grc' dir='ltr'>(ο)</span> 
     </span>
     <span class='ocr_line' id='line_1_7' title="bbox 92 1311 1215 1438; baseline -0.002 -34"><span class='ocrx_word' id='word_1_42' title='bbox 92 1320 303 1424; x_wconf 73' lang='lat' dir='ltr'>institutis</span> <span class='ocrx_word' id='word_1_43' title='bbox 328 1343 369 1406; x_wconf 85' lang='lat' dir='ltr'>et</span> <span class='ocrx_word' id='word_1_44' title='bbox 392 1317 617 1406; x_wconf 86' lang='lat' dir='ltr'>moribus.-</span> <span class='ocrx_word' id='word_1_45' title='bbox 643 1311 909 1438; x_wconf 79' lang='lat' dir='ltr'>Atquehaoc</span> <span class='ocrx_word' id='word_1_46' title='bbox 926 1313 1133 1434; x_wconf 86' lang='lat' dir='ltr'>quidem,</span> <span class='ocrx_word' id='word_1_47' title='bbox 1165 1337 1215 1402; x_wconf 86' lang='lat' dir='ltr'>ut</span> 
     </span>
     <span class='ocr_line' id='line_1_8' title="bbox 93 1458 1216 1574; baseline 0.002 -30"><span class='ocrx_word' id='word_1_48' title='bbox 93 1487 225 1574; x_wconf 81' lang='lat' dir='ltr'>supra</span> <span class='ocrx_word' id='word_1_49' title='bbox 262 1459 382 1570; x_wconf 82' lang='lat' dir='ltr'>dixi,</span> <span class='ocrx_word' id='word_1_50' title='bbox 415 1466 569 1549; x_wconf 83' lang='lat' dir='ltr'>uctoris</span> <span class='ocrx_word' id='word_1_51' title='bbox 594 1476 644 1550; x_wconf 70' lang='lat' dir='ltr'>(d)</span> <span class='ocrx_word' id='word_1_52' title='bbox 669 1479 766 1546; x_wconf 85' lang='lat' dir='ltr'>suut</span> <span class='ocrx_word' id='word_1_53' title='bbox 793 1458 1022 1545; x_wconf 75' lang='lat' dir='ltr'>Graeciae.</span> <span class='ocrx_word' id='word_1_54' title='bbox 1054 1519 1084 1567; x_wconf 84' lang='lat'>‚,</span> <span class='ocrx_word' id='word_1_55' title='bbox 1118 1461 1216 1548; x_wconf 90' lang='lat' dir='ltr'>Co·-</span> 
     </span>
     <span class='ocr_line' id='line_1_9' title="bbox 95 1593 1212 1718; baseline 0.007 -34"><span class='ocrx_word' id='word_1_56' title='bbox 95 1651 124 1704; x_wconf 80' lang='lat'>„</span> <span class='ocrx_word' id='word_1_57' title='bbox 158 1596 377 1685; x_wconf 88' lang='lat' dir='ltr'>loniarum</span> <span class='ocrx_word' id='word_1_58' title='bbox 395 1633 500 1686; x_wconf 86' lang='lat' dir='ltr'>uero</span> <span class='ocrx_word' id='word_1_59' title='bbox 518 1661 532 1708; x_wconf 85' lang='lat'><strong><em>,</em></strong></span> <span class='ocrx_word' id='word_1_60' title='bbox 564 1631 673 1718; x_wconf 87' lang='lat' dir='ltr'>quae</span> <span class='ocrx_word' id='word_1_61' title='bbox 694 1619 756 1686; x_wconf 84' lang='lat' dir='ltr'>cst</span> <span class='ocrx_word' id='word_1_62' title='bbox 780 1593 961 1685; x_wconf 81' lang='lat' dir='ltr'>deducta</span> <span class='ocrx_word' id='word_1_63' title='bbox 979 1631 1002 1686; x_wconf 91' lang='lat' dir='ltr'>a</span> <span class='ocrx_word' id='word_1_64' title='bbox 1019 1600 1144 1688; x_wconf 85' lang='lat' dir='ltr'>Grais</span> <span class='ocrx_word' id='word_1_65' title='bbox 1169 1625 1212 1694; x_wconf 76' lang='lat' dir='ltr'>(e)</span> 
     </span>
     <span class='ocr_line' id='line_1_10' title="bbox 95 1736 1217 1853; baseline 0.007 -29"><span class='ocrx_word' id='word_1_66' title='bbox 95 1795 124 1844; x_wconf 88' lang='lat'>„</span> <span class='ocrx_word' id='word_1_67' title='bbox 158 1740 206 1825; x_wconf 90' lang='lat' dir='ltr'>in</span> <span class='ocrx_word' id='word_1_68' title='bbox 225 1736 399 1851; x_wconf 84' lang='lat' dir='ltr'>Asiam,</span> <span class='ocrx_word' id='word_1_69' title='bbox 424 1743 673 1849; x_wconf 83' lang='lat' dir='ltr'>Thraciam,</span> <span class='ocrx_word' id='word_1_70' title='bbox 697 1743 932 1840; x_wconf 76' lang='lat' dir='ltr'>ltaliam&#39;ts)</span> <span class='ocrx_word' id='word_1_71' title='bbox 951 1803 980 1853; x_wconf 82' lang='grc'>,,</span> <span class='ocrx_word' id='word_1_72' title='bbox 998 1746 1217 1853; x_wconf 89' lang='lat' dir='ltr'>Siciliam,</span> 
     </span>
    </p>
   </div>
   <div class='ocr_carea' id='block_1_2' title="bbox 94 1919 1292 3048">
    <p class='ocr_par' dir='ltr' id='par_1_2' title="bbox 94 1919 1292 2796">
     <span class='ocr_line' id='line_1_11' title="bbox 96 1919 1215 2004; baseline 0.002 -24"><span class='ocrx_word' id='word_1_73' title='bbox 96 1921 263 1982; x_wconf 81' lang='lat' dir='ltr'>Phliasios</span> <span class='ocrx_word' id='word_1_74' title='bbox 272 1921 335 1982; x_wconf 84' lang='lat' dir='ltr'>diri</span> <span class='ocrx_word' id='word_1_75' title='bbox 346 1923 490 1994; x_wconf 62' lang='lat' dir='ltr'>sciebam⁴</span> <span class='ocrx_word' id='word_1_76' title='bbox 505 1935 533 1980; x_wconf 80' lang='lat' dir='ltr'>et</span> <span class='ocrx_word' id='word_1_77' title='bbox 550 1923 658 1999; x_wconf 82' lang='lat' dir='ltr'>itasac</span> <span class='ocrx_word' id='word_1_78' title='bbox 674 1919 784 1980; x_wconf 71' lang='lat' dir='ltr'>habeas</span> <span class='ocrx_word' id='word_1_79' title='bbox 794 1967 802 1994; x_wconf 91' lang='lat'><em>‚</em></span> <span class='ocrx_word' id='word_1_80' title='bbox 812 1923 997 2004; x_wconf 77' lang='lat' dir='ltr'>nosquidem</span> <span class='ocrx_word' id='word_1_81' title='bbox 1008 1923 1215 1984; x_wconf 81' lang='lat' dir='ltr'>sichabemus.</span> 
     </span>
     <span class='ocr_line' id='line_1_12' title="bbox 96 2001 1218 2091; baseline 0.002 -23"><span class='ocrx_word' id='word_1_82' title='bbox 96 2005 270 2084; x_wconf 72' lang='lat' dir='ltr'>Seiprtmo</span> <span class='ocrx_word' id='word_1_83' title='bbox 279 2004 494 2089; x_wconf 54' lang='lat' dir='ltr'>mirariue</span> <span class='ocrx_word' id='word_1_84' title='bbox 501 2008 671 2086; x_wconf 77' lang='lat' dir='ltr'>deceperat,</span> <span class='ocrx_word' id='word_1_85' title='bbox 684 2001 798 2080; x_wconf 73' lang='grc' dir='ltr'>Φλιοιῖς</span> <span class='ocrx_word' id='word_1_86' title='bbox 812 2003 962 2080; x_wconf 53' lang='lat' dir='ltr'>,Urisio</span> <span class='ocrx_word' id='word_1_87' title='bbox 980 2003 1100 2084; x_wconf 56' lang='lat' dir='ltr'>sinric</span> <span class='ocrx_word' id='word_1_88' title='bbox 1111 2029 1123 2085; x_wconf 66' lang='grc' dir='ltr'><strong>ς</strong></span> <span class='ocrx_word' id='word_1_89' title='bbox 1134 2009 1218 2091; x_wconf 78' lang='lat' dir='ltr'>quod</span> 
     </span>
     <span class='ocr_line' id='line_1_13' title="bbox 94 2091 1292 2182; baseline -0.007 -20"><span class='ocrx_word' id='word_1_90' title='bbox 94 2091 311 2176; x_wconf 74' lang='grc' dir='ltr'>Ὀποιῖντιοι,</span> <span class='ocrx_word' id='word_1_91' title='bbox 338 2099 548 2166; x_wconf 68' lang='lat' dir='ltr'>terrimo.</span> <span class='ocrx_word' id='word_1_92' title='bbox 576 2101 639 2160; x_wconf 75' lang='lat' dir='ltr'>Sed</span> <span class='ocrx_word' id='word_1_93' title='bbox 655 2102 709 2158; x_wconf 80' lang='lat' dir='ltr'>hoc</span> <span class='ocrx_word' id='word_1_94' title='bbox 724 2105 862 2158; x_wconf 80' lang='lat' dir='ltr'>continuo</span> <span class='ocrx_word' id='word_1_95' title='bbox 879 2104 1083 2160; x_wconf 75' lang='lat' dir='ltr'>correximus.</span> <span class='ocrx_word' id='word_1_96' title='bbox 1110 2099 1146 2182; x_wconf 77' lang='lat' dir='ltr'>lu</span> <span class='ocrx_word' id='word_1_97' title='bbox 1164 2117 1218 2155; x_wconf 89' lang='lat' dir='ltr'>co·</span> <span class='ocrx_word' id='word_1_98' title='bbox 1288 2147 1292 2154; x_wconf 88' lang='lat'><strong>.</strong></span> 
     </span>
     <span class='ocr_line' id='line_1_14' title="bbox 95 2186 1214 2273; baseline 0.003 -25"><span class='ocrx_word' id='word_1_99' title='bbox 95 2186 163 2251; x_wconf 85' lang='lat' dir='ltr'>dice</span> <span class='ocrx_word' id='word_1_100' title='bbox 180 2203 287 2251; x_wconf 79' lang='lat' dir='ltr'>temen</span> <span class='ocrx_word' id='word_1_101' title='bbox 304 2190 443 2250; x_wconf 83' lang='lat' dir='ltr'>uatioano</span> <span class='ocrx_word' id='word_1_102' title='bbox 460 2206 555 2250; x_wconf 83' lang='lat' dir='ltr'>manet</span> <span class='ocrx_word' id='word_1_103' title='bbox 571 2194 656 2272; x_wconf 87' lang='lat' dir='ltr'>prior</span> <span class='ocrx_word' id='word_1_104' title='bbox 673 2191 765 2254; x_wconf 89' lang='lat' dir='ltr'>Tullii</span> <span class='ocrx_word' id='word_1_105' title='bbox 783 2195 930 2273; x_wconf 76' lang='lat' dir='ltr'>scripture</span> <span class='ocrx_word' id='word_1_106' title='bbox 954 2203 967 2264; x_wconf 85' lang='grc'>(</span> <span class='ocrx_word' id='word_1_107' title='bbox 982 2207 1103 2271; x_wconf 80' lang='lat' dir='ltr'>praeter</span> <span class='ocrx_word' id='word_1_108' title='bbox 1120 2193 1214 2253; x_wconf 89' lang='lat' dir='ltr'>uitio-</span> 
     </span>
     <span class='ocr_line' id='line_1_15' title="bbox 96 2275 1216 2354; baseline 0.003 -24"><span class='ocrx_word' id='word_1_109' title='bbox 96 2291 155 2332; x_wconf 83' lang='lat' dir='ltr'>sem</span> <span class='ocrx_word' id='word_1_110' title='bbox 175 2275 413 2345; x_wconf 51' lang='lat' dir='ltr'>met-thesim„</span> <span class='ocrx_word' id='word_1_111' title='bbox 431 2275 511 2352; x_wconf 90' lang='lat' dir='ltr'>quod</span> <span class='ocrx_word' id='word_1_112' title='bbox 528 2277 629 2337; x_wconf 79' lang='lat' dir='ltr'>nobile</span> <span class='ocrx_word' id='word_1_113' title='bbox 647 2279 856 2339; x_wconf 84' lang='lat' dir='ltr'>documentum</span> <span class='ocrx_word' id='word_1_114' title='bbox 875 2291 919 2338; x_wconf 78' lang='lat' dir='ltr'>est</span> <span class='ocrx_word' id='word_1_115' title='bbox 934 2275 1026 2336; x_wconf 84' lang='lat' dir='ltr'>Tullii</span> <span class='ocrx_word' id='word_1_116' title='bbox 1046 2276 1140 2334; x_wconf 88' lang='lat' dir='ltr'>libros</span> <span class='ocrx_word' id='word_1_117' title='bbox 1156 2297 1216 2354; x_wconf 89' lang='lat' dir='ltr'>po-</span> 
     </span>
     <span class='ocr_line' id='line_1_16' title="bbox 95 2353 1220 2440; baseline 0.002 -26"><span class='ocrx_word' id='word_1_118' title='bbox 95 2353 194 2420; x_wconf 86' lang='lat' dir='ltr'>liticos</span> <span class='ocrx_word' id='word_1_119' title='bbox 212 2359 317 2418; x_wconf 75' lang='lat' dir='ltr'>statim</span> <span class='ocrx_word' id='word_1_120' title='bbox 335 2356 471 2416; x_wconf 82' lang='lat' dir='ltr'>omnihus</span> <span class='ocrx_word' id='word_1_121' title='bbox 490 2358 618 2437; x_wconf 85' lang='lat' dir='ltr'>uiguisse</span> <span class='ocrx_word' id='word_1_122' title='bbox 636 2367 649 2429; x_wconf 71' lang='lat' dir='ltr'>i</span> <span class='ocrx_word' id='word_1_123' title='bbox 667 2373 700 2420; x_wconf 88' lang='lat' dir='ltr'>ut</span> <span class='ocrx_word' id='word_1_124' title='bbox 718 2362 760 2420; x_wconf 85' lang='lat' dir='ltr'>ait</span> <span class='ocrx_word' id='word_1_125' title='bbox 779 2363 961 2440; x_wconf 77' lang='lat' dir='ltr'>Caeliuaep.</span> <span class='ocrx_word' id='word_1_126' title='bbox 975 2369 1108 2433; x_wconf 63' lang='lat' dir='ltr'>auru.)</span> <span class='ocrx_word' id='word_1_127' title='bbox 1127 2357 1220 2417; x_wconf 85' lang='lat' dir='ltr'>ideo-¹</span> 
     </span>
     <span class='ocr_line' id='line_1_17' title="bbox 96 2441 1216 2522; baseline 0.004 -24"><span class='ocrx_word' id='word_1_128' title='bbox 96 2459 153 2518; x_wconf 71' lang='lat' dir='ltr'>que</span> <span class='ocrx_word' id='word_1_129' title='bbox 171 2441 327 2503; x_wconf 77' lang='lat' dir='ltr'>distractis</span> <span class='ocrx_word' id='word_1_130' title='bbox 345 2441 580 2518; x_wconf 74' lang='lat' dir='ltr'>exemplaribus,</span> <span class='ocrx_word' id='word_1_131' title='bbox 597 2467 634 2505; x_wconf 88' lang='lat' dir='ltr'>ne</span> <span class='ocrx_word' id='word_1_132' title='bbox 650 2443 742 2522; x_wconf 83' lang='lat' dir='ltr'>ipsius</span> <span class='ocrx_word' id='word_1_133' title='bbox 752 2447 874 2522; x_wconf 88' lang='lat' dir='ltr'>quidem</span> <span class='ocrx_word' id='word_1_134' title='bbox 884 2445 1011 2505; x_wconf 77' lang='lat' dir='ltr'>auctoris</span> <span class='ocrx_word' id='word_1_135' title='bbox 1030 2443 1216 2504; x_wconf 79' lang='lat' dir='ltr'>emendatio·</span> 
     </span>
     <span class='ocr_line' id='line_1_18' title="bbox 96 2523 1216 2608; baseline 0.004 -27"><span class='ocrx_word' id='word_1_136' title='bbox 96 2543 151 2582; x_wconf 75' lang='lat' dir='ltr'>nes</span> <span class='ocrx_word' id='word_1_137' title='bbox 166 2527 303 2605; x_wconf 78' lang='lat' dir='ltr'>potuisse</span> <span class='ocrx_word' id='word_1_138' title='bbox 319 2524 411 2603; x_wconf 83' lang='lat' dir='ltr'>recipi</span> <span class='ocrx_word' id='word_1_139' title='bbox 425 2570 431 2582; x_wconf 94' lang='lat'><em>.</em></span> <span class='ocrx_word' id='word_1_140' title='bbox 443 2529 600 2604; x_wconf 77' lang='lat' dir='ltr'>Ceteroqui</span> <span class='ocrx_word' id='word_1_141' title='bbox 617 2529 727 2607; x_wconf 86' lang='lat' dir='ltr'>gentile</span> <span class='ocrx_word' id='word_1_142' title='bbox 742 2523 922 2608; x_wconf 62' lang='lat' dir='ltr'>pmdvmg</span> <span class='ocrx_word' id='word_1_143' title='bbox 942 2541 985 2587; x_wconf 87' lang='lat' dir='ltr'>est</span> <span class='ocrx_word' id='word_1_144' title='bbox 1001 2527 1081 2606; x_wconf 76' lang='lat' dir='ltr'>apud</span> <span class='ocrx_word' id='word_1_145' title='bbox 1092 2525 1216 2608; x_wconf 84' lang='lat' dir='ltr'>Stepha-</span> 
     </span>
     <span class='ocr_line' id='line_1_19' title="bbox 95 2613 1217 2704; baseline 0.01 -33"><span class='ocrx_word' id='word_1_146' title='bbox 95 2613 230 2696; x_wconf 84' lang='lat' dir='ltr'>phanum</span> <span class='ocrx_word' id='word_1_147' title='bbox 251 2617 316 2697; x_wconf 74' lang='lat' dir='ltr'>hys.</span> <span class='ocrx_word' id='word_1_148' title='bbox 337 2617 386 2697; x_wconf 86' lang='lat' dir='ltr'>qui</span> <span class='ocrx_word' id='word_1_149' title='bbox 405 2620 490 2678; x_wconf 83' lang='lat' dir='ltr'>addit</span> <span class='ocrx_word' id='word_1_150' title='bbox 517 2633 546 2680; x_wconf 82' lang='lat' dir='ltr'>et</span> <span class='ocrx_word' id='word_1_151' title='bbox 562 2615 720 2704; x_wconf 72' lang='grc' dir='ltr'>φλιοῦσιος</span> <span class='ocrx_word' id='word_1_152' title='bbox 744 2631 832 2698; x_wconf 88' lang='lat' dir='ltr'>etque</span> <span class='ocrx_word' id='word_1_153' title='bbox 851 2619 997 2698; x_wconf 71' lang='grc' dir='ltr'>ωλιᾶσιος</span> <span class='ocrx_word' id='word_1_154' title='bbox 1020 2666 1028 2680; x_wconf 88' lang='lat'><strong>·</strong></span> <span class='ocrx_word' id='word_1_155' title='bbox 1057 2626 1217 2686; x_wconf 79' lang='lat' dir='ltr'>Phliasios</span> 
     </span>
     <span class='ocr_line' id='line_1_20' title="bbox 100 2703 1215 2796; baseline 0.009 -32"><span class='ocrx_word' id='word_1_156' title='bbox 100 2703 206 2766; x_wconf 80' lang='lat' dir='ltr'>scribit</span> <span class='ocrx_word' id='word_1_157' title='bbox 224 2709 291 2788; x_wconf 85' lang='lat' dir='ltr'>ipse</span> <span class='ocrx_word' id='word_1_158' title='bbox 302 2712 408 2772; x_wconf 89' lang='lat' dir='ltr'>Cicero</span> <span class='ocrx_word' id='word_1_159' title='bbox 425 2723 498 2770; x_wconf 87' lang='lat' dir='ltr'>tusc.</span> <span class='ocrx_word' id='word_1_160' title='bbox 511 2713 549 2772; x_wconf 90' lang='lat' dir='ltr'>V.</span> <span class='ocrx_word' id='word_1_161' title='bbox 562 2715 595 2786; x_wconf 80' lang='lat'>33</span> <span class='ocrx_word' id='word_1_162' title='bbox 615 2725 643 2770; x_wconf 86' lang='lat' dir='ltr'>et</span> <span class='ocrx_word' id='word_1_163' title='bbox 659 2711 701 2772; x_wconf 86' lang='lat' dir='ltr'>sic</span> <span class='ocrx_word' id='word_1_164' title='bbox 720 2711 818 2790; x_wconf 77' lang='lat' dir='ltr'>groeci</span> <span class='ocrx_word' id='word_1_165' title='bbox 835 2713 931 2792; x_wconf 75' lang='lat' dir='ltr'>uulgo</span> <span class='ocrx_word' id='word_1_166' title='bbox 939 2727 1073 2796; x_wconf 70' lang='lat' dir='ltr'>auctorgs</span> <span class='ocrx_word' id='word_1_167' title='bbox 1089 2713 1215 2779; x_wconf 86' lang='lat' dir='ltr'>habent.</span> 
     </span>
    </p>

    <p class='ocr_par' dir='ltr' id='par_1_3' title="bbox 99 2793 1217 3048">
     <span class='ocr_line' id='line_1_21' title="bbox 138 2793 1216 2876; baseline 0.007 -26"><span class='ocrx_word' id='word_1_168' title='bbox 138 2793 185 2865; x_wconf 85' lang='lat' dir='ltr'>(o)</span> <span class='ocrx_word' id='word_1_169' title='bbox 209 2793 342 2855; x_wconf 84' lang='lat' dir='ltr'>Videtur</span> <span class='ocrx_word' id='word_1_170' title='bbox 352 2793 540 2855; x_wconf 82' lang='lat' dir='ltr'>scribendum</span> <span class='ocrx_word' id='word_1_171' title='bbox 551 2800 698 2857; x_wconf 78' lang='lat' dir='ltr'>Aenianes</span> <span class='ocrx_word' id='word_1_172' title='bbox 709 2816 774 2854; x_wconf 86' lang='lat' dir='ltr'>cum</span> <span class='ocrx_word' id='word_1_173' title='bbox 788 2795 989 2876; x_wconf 73' lang='lat' dir='ltr'>diphthongo.</span> <span class='ocrx_word' id='word_1_174' title='bbox 1002 2796 1124 2876; x_wconf 76' lang='lat' dir='ltr'>Legitur</span> <span class='ocrx_word' id='word_1_175' title='bbox 1136 2800 1216 2862; x_wconf 83' lang='lat' dir='ltr'>euim</span> 
     </span>
     <span class='ocr_line' id='line_1_22' title="bbox 99 2873 1217 2960; baseline 0.016 -32"><span class='ocrx_word' id='word_1_176' title='bbox 99 2873 180 2950; x_wconf 80' lang='lat' dir='ltr'>apud</span> <span class='ocrx_word' id='word_1_177' title='bbox 190 2895 314 2954; x_wconf 72' lang='lat' dir='ltr'>graecos</span> <span class='ocrx_word' id='word_1_178' title='bbox 325 2877 512 2960; x_wconf 70' lang='lat' dir='ltr'>geographos</span> <span class='ocrx_word' id='word_1_179' title='bbox 522 2877 788 2960; x_wconf 59' lang='lat' dir='ltr'>Aivrivffllinius</span> <span class='ocrx_word' id='word_1_180' title='bbox 799 2893 895 2939; x_wconf 84' lang='lat' dir='ltr'>eutem</span> <span class='ocrx_word' id='word_1_181' title='bbox 908 2902 973 2939; x_wconf 67' lang='lat' dir='ltr'>rra</span> <span class='ocrx_word' id='word_1_182' title='bbox 984 2879 1075 2940; x_wconf 83' lang='lat' dir='ltr'>hahet</span> <span class='ocrx_word' id='word_1_183' title='bbox 1086 2885 1217 2946; x_wconf 74' lang='lat' dir='ltr'>Aoum-</span> 
     </span>
     <span class='ocr_line' id='line_1_23' title="bbox 102 2965 1217 3048; baseline 0.005 -22"><span class='ocrx_word' id='word_1_184' title='bbox 102 2987 150 3026; x_wconf 85' lang='lat' dir='ltr'>ses</span> <span class='ocrx_word' id='word_1_185' title='bbox 159 2965 197 3026; x_wconf 85' lang='lat' dir='ltr'>ab</span> <span class='ocrx_word' id='word_1_186' title='bbox 209 2970 344 3046; x_wconf 62' lang='lat' dir='ltr'>Alonig.</span> <span class='ocrx_word' id='word_1_187' title='bbox 369 2971 416 3044; x_wconf 86' lang='lat' dir='ltr'>(b)</span> <span class='ocrx_word' id='word_1_188' title='bbox 434 2969 510 3028; x_wconf 89' lang='lat' dir='ltr'>Cod.</span> <span class='ocrx_word' id='word_1_189' title='bbox 521 2975 553 3030; x_wconf 81' lang='lat' dir='ltr'>iu</span> <span class='ocrx_word' id='word_1_190' title='bbox 562 2979 646 3048; x_wconf 80' lang='lat' dir='ltr'>ipsae</span> <span class='ocrx_word' id='word_1_191' title='bbox 654 2997 664 3042; x_wconf 76' lang='lat'>3</span> <span class='ocrx_word' id='word_1_192' title='bbox 676 2991 742 3030; x_wconf 85' lang='lat' dir='ltr'>mox</span> <span class='ocrx_word' id='word_1_193' title='bbox 750 2979 895 3046; x_wconf 77' lang='lat' dir='ltr'>expuncta</span> <span class='ocrx_word' id='word_1_194' title='bbox 905 2976 953 3028; x_wconf 80' lang='lat' dir='ltr'>in.</span> <span class='ocrx_word' id='word_1_195' title='bbox 978 2975 1020 3042; x_wconf 87' lang='lat' dir='ltr'>(c)</span> <span class='ocrx_word' id='word_1_196' title='bbox 1040 2969 1217 3032; x_wconf 76' lang='lat' dir='ltr'>cod-ruta·</span> 
     </span>
    </p>
   </div>
   <div class='ocr_carea' id='block_1_3' title="bbox 97 3063 1277 3902">
    <p class='ocr_par' dir='ltr' id='par_1_4' title="bbox 97 3063 1277 3902">
     <span class='ocr_line' id='line_1_24' title="bbox 99 3063 1218 3142; baseline 0.002 -20"><span class='ocrx_word' id='word_1_197' title='bbox 99 3079 139 3122; x_wconf 85' lang='lat' dir='ltr'>ttu</span> <span class='ocrx_word' id='word_1_198' title='bbox 153 3071 311 3134; x_wconf 75' lang='lat' dir='ltr'>cirriiotis3</span> <span class='ocrx_word' id='word_1_199' title='bbox 330 3079 393 3127; x_wconf 80' lang='lat' dir='ltr'>tutu</span> <span class='ocrx_word' id='word_1_200' title='bbox 402 3087 430 3126; x_wconf 83' lang='lat'>2·</span> <span class='ocrx_word' id='word_1_201' title='bbox 442 3083 546 3122; x_wconf 83' lang='lat' dir='ltr'>manus</span> <span class='ocrx_word' id='word_1_202' title='bbox 556 3066 747 3142; x_wconf 81' lang='lat' dir='ltr'>superposuit</span> <span class='ocrx_word' id='word_1_203' title='bbox 760 3085 831 3132; x_wconf 83' lang='lat' dir='ltr'>um,</span> <span class='ocrx_word' id='word_1_204' title='bbox 848 3063 1021 3138; x_wconf 85' lang='lat' dir='ltr'>deleuitque</span> <span class='ocrx_word' id='word_1_205' title='bbox 1030 3085 1046 3122; x_wconf 81' lang='lat' dir='ltr'>s</span> <span class='ocrx_word' id='word_1_206' title='bbox 1056 3105 1065 3134; x_wconf 93' lang='lat'>,</span> <span class='ocrx_word' id='word_1_207' title='bbox 1076 3075 1106 3124; x_wconf 85' lang='lat' dir='ltr'>et</span> <span class='ocrx_word' id='word_1_208' title='bbox 1119 3079 1152 3124; x_wconf 89' lang='lat' dir='ltr'>ut</span> <span class='ocrx_word' id='word_1_209' title='bbox 1168 3068 1218 3124; x_wconf 88' lang='lat' dir='ltr'>ui·</span> 
     </span>
     <span class='ocr_line' id='line_1_25' title="bbox 98 3143 1221 3222; baseline -0.001 -17"><span class='ocrx_word' id='word_1_210' title='bbox 98 3143 191 3205; x_wconf 87' lang='lat' dir='ltr'>detur</span> <span class='ocrx_word' id='word_1_211' title='bbox 204 3143 295 3202; x_wconf 77' lang='lat' dir='ltr'>etiem</span> <span class='ocrx_word' id='word_1_212' title='bbox 312 3152 341 3202; x_wconf 90' lang='lat' dir='ltr'>i.</span> <span class='ocrx_word' id='word_1_213' title='bbox 355 3143 475 3204; x_wconf 84' lang='lat' dir='ltr'>Retiuui</span> <span class='ocrx_word' id='word_1_214' title='bbox 496 3159 592 3204; x_wconf 85' lang='lat' dir='ltr'>tamen</span> <span class='ocrx_word' id='word_1_215' title='bbox 606 3152 794 3213; x_wconf 80' lang='lat' dir='ltr'>ciuitatium,</span> <span class='ocrx_word' id='word_1_216' title='bbox 807 3164 895 3219; x_wconf 81' lang='lat' dir='ltr'>quam</span> <span class='ocrx_word' id='word_1_217' title='bbox 911 3143 1070 3202; x_wconf 85' lang='lat' dir='ltr'>lectionem</span> <span class='ocrx_word' id='word_1_218' title='bbox 1085 3147 1221 3222; x_wconf 83' lang='lat' dir='ltr'>superius</span> 
     </span>
     <span class='ocr_line' id='line_1_26' title="bbox 97 3225 1221 3304; baseline 0.004 -20"><span class='ocrx_word' id='word_1_219' title='bbox 97 3225 196 3295; x_wconf 77' lang='lat' dir='ltr'>habes</span> <span class='ocrx_word' id='word_1_220' title='bbox 212 3225 246 3283; x_wconf 86' lang='lat' dir='ltr'>iu</span> <span class='ocrx_word' id='word_1_221' title='bbox 262 3225 321 3286; x_wconf 90' lang='lat' dir='ltr'>hoc</span> <span class='ocrx_word' id='word_1_222' title='bbox 334 3248 442 3304; x_wconf 81' lang='lat' dir='ltr'>opere.</span> <span class='ocrx_word' id='word_1_223' title='bbox 474 3228 521 3301; x_wconf 84' lang='lat' dir='ltr'>(d)</span> <span class='ocrx_word' id='word_1_224' title='bbox 544 3227 618 3287; x_wconf 89' lang='lat' dir='ltr'>Cod.</span> <span class='ocrx_word' id='word_1_225' title='bbox 638 3241 768 3289; x_wconf 58' lang='grc' dir='ltr'>ποίησε.</span> <span class='ocrx_word' id='word_1_226' title='bbox 798 3233 840 3298; x_wconf 76' lang='lat' dir='ltr'>(a)</span> <span class='ocrx_word' id='word_1_227' title='bbox 864 3225 989 3286; x_wconf 75' lang='lat' dir='ltr'>tocod.</span> <span class='ocrx_word' id='word_1_228' title='bbox 1024 3230 1085 3304; x_wconf 86' lang='lat' dir='ltr'>(s)</span> <span class='ocrx_word' id='word_1_229' title='bbox 1108 3231 1221 3288; x_wconf 85' lang='lat' dir='ltr'>Locum</span> 
     </span>
     <span class='ocr_line' id='line_1_27' title="bbox 99 3307 1220 3374; baseline 0.002 -5"><span class='ocrx_word' id='word_1_230' title='bbox 99 3311 172 3370; x_wconf 76' lang='lat' dir='ltr'>citat</span> <span class='ocrx_word' id='word_1_231' title='bbox 191 3309 313 3368; x_wconf 84' lang='lat' dir='ltr'>Seruius</span> <span class='ocrx_word' id='word_1_232' title='bbox 332 3309 372 3368; x_wconf 85' lang='lat' dir='ltr'>ad</span> <span class='ocrx_word' id='word_1_233' title='bbox 391 3331 453 3370; x_wconf 87' lang='lat' dir='ltr'>aen.</span> <span class='ocrx_word' id='word_1_234' title='bbox 473 3332 530 3369; x_wconf 87' lang='lat' dir='ltr'>xu.</span> <span class='ocrx_word' id='word_1_235' title='bbox 552 3307 621 3371; x_wconf 82' lang='lat'><strong>335.</strong></span> <span class='ocrx_word' id='word_1_236' title='bbox 642 3333 706 3370; x_wconf 86' lang='lat' dir='ltr'>uoc.</span> <span class='ocrx_word' id='word_1_237' title='bbox 732 3313 849 3374; x_wconf 82' lang='lat' dir='ltr'>Thraco</span> <span class='ocrx_word' id='word_1_238' title='bbox 871 3307 933 3367; x_wconf 76' lang='lat' dir='ltr'>aie:</span> <span class='ocrx_word' id='word_1_239' title='bbox 960 3315 1063 3370; x_wconf 83' lang='lat' dir='ltr'>Cicero</span> <span class='ocrx_word' id='word_1_240' title='bbox 1080 3311 1220 3372; x_wconf 77' lang='lat' dir='ltr'>indere</span> 
     </span>
     <span class='ocr_line' id='line_1_28' title="bbox 98 3396 1224 3473; baseline 0 -19"><span class='ocrx_word' id='word_1_241' title='bbox 98 3397 223 3472; x_wconf 79' lang='lat' dir='ltr'>publico</span> <span class='ocrx_word' id='word_1_242' title='bbox 235 3399 372 3455; x_wconf 68' lang='lat' dir='ltr'>icotonta</span> <span class='ocrx_word' id='word_1_243' title='bbox 382 3416 451 3454; x_wconf 86' lang='lat' dir='ltr'>uero</span> <span class='ocrx_word' id='word_1_244' title='bbox 463 3415 539 3473; x_wconf 81' lang='lat' dir='ltr'>quae</span> <span class='ocrx_word' id='word_1_245' title='bbox 554 3407 600 3453; x_wconf 86' lang='lat' dir='ltr'>est</span> <span class='ocrx_word' id='word_1_246' title='bbox 615 3397 746 3456; x_wconf 64' lang='lat' dir='ltr'>deiurio</span> <span class='ocrx_word' id='word_1_247' title='bbox 764 3418 784 3454; x_wconf 85' lang='lat' dir='ltr'>a</span> <span class='ocrx_word' id='word_1_248' title='bbox 806 3397 929 3454; x_wconf 79' lang='lat' dir='ltr'>Graecis</span> <span class='ocrx_word' id='word_1_249' title='bbox 938 3397 971 3452; x_wconf 85' lang='lat' dir='ltr'>iu</span> <span class='ocrx_word' id='word_1_250' title='bbox 982 3396 1108 3464; x_wconf 79' lang='lat' dir='ltr'>Asiam,</span> <span class='ocrx_word' id='word_1_251' title='bbox 1123 3397 1224 3454; x_wconf 81' lang='lat' dir='ltr'>Thra-</span> 
     </span>
     <span class='ocr_line' id='line_1_29' title="bbox 101 3475 1224 3556; baseline 0 -20"><span class='ocrx_word' id='word_1_252' title='bbox 101 3497 164 3540; x_wconf 80' lang='lat' dir='ltr'>cam</span> <span class='ocrx_word' id='word_1_253' title='bbox 175 3521 185 3549; x_wconf 91' lang='lat'><strong>,</strong></span> <span class='ocrx_word' id='word_1_254' title='bbox 195 3481 321 3538; x_wconf 81' lang='lat' dir='ltr'>Italiam</span> <span class='ocrx_word' id='word_1_255' title='bbox 330 3519 339 3548; x_wconf 93' lang='lat'><em>,</em></span> <span class='ocrx_word' id='word_1_256' title='bbox 349 3490 379 3536; x_wconf 83' lang='lat' dir='ltr'>et</span> <span class='ocrx_word' id='word_1_257' title='bbox 388 3499 449 3538; x_wconf 82' lang='lat' dir='ltr'>non</span> <span class='ocrx_word' id='word_1_258' title='bbox 457 3479 542 3537; x_wconf 80' lang='lat' dir='ltr'>dixit</span> <span class='ocrx_word' id='word_1_259' title='bbox 555 3481 728 3539; x_wconf 80' lang='lat' dir='ltr'>Thraciam.</span> <span class='ocrx_word' id='word_1_260' title='bbox 741 3475 897 3538; x_wconf 76' lang='lat' dir='ltr'>Notaudae</span> <span class='ocrx_word' id='word_1_261' title='bbox 913 3489 982 3536; x_wconf 86' lang='lat' dir='ltr'>sunt</span> <span class='ocrx_word' id='word_1_262' title='bbox 1001 3479 1032 3536; x_wconf 86' lang='lat' dir='ltr'>in</span> <span class='ocrx_word' id='word_1_263' title='bbox 1050 3477 1154 3556; x_wconf 82' lang='lat' dir='ltr'>primis</span> <span class='ocrx_word' id='word_1_264' title='bbox 1170 3499 1224 3536; x_wconf 80' lang='lat' dir='ltr'>ua-</span> 
     </span>
     <span class='ocr_line' id='line_1_30' title="bbox 103 3559 1222 3640; baseline 0.001 -20"><span class='ocrx_word' id='word_1_265' title='bbox 103 3561 165 3620; x_wconf 84' lang='lat' dir='ltr'>riae</span> <span class='ocrx_word' id='word_1_266' title='bbox 175 3559 320 3622; x_wconf 82' lang='lat' dir='ltr'>lectiones</span> <span class='ocrx_word' id='word_1_267' title='bbox 332 3565 470 3632; x_wconf 82' lang='lat' dir='ltr'>colonia,</span> <span class='ocrx_word' id='word_1_268' title='bbox 485 3568 622 3630; x_wconf 81' lang='lat' dir='ltr'>Graecis,</span> <span class='ocrx_word' id='word_1_269' title='bbox 639 3567 801 3630; x_wconf 62' lang='lat' dir='ltr'>Thracam</span> <span class='ocrx_word' id='word_1_270' title='bbox 813 3581 992 3640; x_wconf 79' lang='lat' dir='ltr'>quamquem</span> <span class='ocrx_word' id='word_1_271' title='bbox 1002 3562 1157 3624; x_wconf 75' lang='lat' dir='ltr'>uaticmus</span> <span class='ocrx_word' id='word_1_272' title='bbox 1168 3583 1222 3621; x_wconf 85' lang='lat' dir='ltr'>co-</span> 
     </span>
     <span class='ocr_line' id='line_1_31' title="bbox 106 3642 1277 3708; baseline 0.003 -6"><span class='ocrx_word' id='word_1_273' title='bbox 106 3642 161 3703; x_wconf 81' lang='lat' dir='ltr'>dex</span> <span class='ocrx_word' id='word_1_274' title='bbox 177 3660 258 3706; x_wconf 83' lang='lat' dir='ltr'>nunc</span> <span class='ocrx_word' id='word_1_275' title='bbox 274 3645 360 3704; x_wconf 86' lang='lat' dir='ltr'>nobis</span> <span class='ocrx_word' id='word_1_276' title='bbox 379 3647 535 3706; x_wconf 80' lang='lat' dir='ltr'>Thraciam</span> <span class='ocrx_word' id='word_1_277' title='bbox 553 3646 689 3706; x_wconf 81' lang='lat' dir='ltr'>exhibet.</span> <span class='ocrx_word' id='word_1_278' title='bbox 702 3643 923 3707; x_wconf 80' lang='lat' dir='ltr'>Similisautem</span> <span class='ocrx_word' id='word_1_279' title='bbox 942 3643 1016 3706; x_wconf 89' lang='lat' dir='ltr'>huic</span> <span class='ocrx_word' id='word_1_280' title='bbox 1033 3660 1078 3706; x_wconf 80' lang='lat' dir='ltr'>eat</span> <span class='ocrx_word' id='word_1_281' title='bbox 1097 3645 1223 3708; x_wconf 86' lang='lat' dir='ltr'>Cicero·</span> <span class='ocrx_word' id='word_1_282' title='bbox 1272 3667 1277 3682; x_wconf 29' lang='grc' dir='ltr'><strong>Χ</strong></span> 
     </span>
     <span class='ocr_line' id='line_1_32' title="bbox 105 3727 1239 3812; baseline 0.004 -26"><span class='ocrx_word' id='word_1_283' title='bbox 105 3727 242 3788; x_wconf 84' lang='lat' dir='ltr'>nislocus</span> <span class='ocrx_word' id='word_1_284' title='bbox 260 3727 299 3790; x_wconf 87' lang='lat' dir='ltr'>de</span> <span class='ocrx_word' id='word_1_285' title='bbox 317 3729 409 3788; x_wconf 88' lang='lat' dir='ltr'>diuin.</span> <span class='ocrx_word' id='word_1_286' title='bbox 422 3731 444 3788; x_wconf 91' lang='lat'>1.</span> <span class='ocrx_word' id='word_1_287' title='bbox 462 3751 487 3787; x_wconf 84' lang='lat' dir='ltr'>r:</span> <span class='ocrx_word' id='word_1_288' title='bbox 498 3750 588 3812; x_wconf 75' lang='lat' dir='ltr'>qum</span> <span class='ocrx_word' id='word_1_289' title='bbox 605 3753 677 3794; x_wconf 87' lang='lat' dir='ltr'>uero</span> <span class='ocrx_word' id='word_1_290' title='bbox 697 3735 824 3792; x_wconf 77' lang='lat' dir='ltr'>Graecia</span> <span class='ocrx_word' id='word_1_291' title='bbox 832 3733 979 3792; x_wconf 74' lang='lat' dir='ltr'>coloniam</span> <span class='ocrx_word' id='word_1_292' title='bbox 996 3737 1079 3792; x_wconf 86' lang='lat' dir='ltr'>misit</span> <span class='ocrx_word' id='word_1_293' title='bbox 1096 3737 1130 3790; x_wconf 81' lang='lat' dir='ltr'>in</span> <span class='ocrx_word' id='word_1_294' title='bbox 1139 3732 1239 3792; x_wconf 76' lang='lat' dir='ltr'>Aeo--</span> 
     </span>
     <span class='ocr_line' id='line_1_33' title="bbox 107 3813 1205 3902; baseline 0 -30"><span class='ocrx_word' id='word_1_295' title='bbox 107 3813 195 3886; x_wconf 75' lang='lat' dir='ltr'>tiam,</span> <span class='ocrx_word' id='word_1_296' title='bbox 213 3819 334 3876; x_wconf 79' lang='lat' dir='ltr'>Ioniam</span> <span class='ocrx_word' id='word_1_297' title='bbox 350 3853 361 3884; x_wconf 85' lang='lat'><strong>,</strong></span> <span class='ocrx_word' id='word_1_298' title='bbox 381 3815 511 3887; x_wconf 68' lang='lat' dir='ltr'>Aaron.</span> <span class='ocrx_word' id='word_1_299' title='bbox 533 3819 697 3887; x_wconf 81' lang='lat' dir='ltr'>Siciliam,</span> <span class='ocrx_word' id='word_1_300' title='bbox 716 3819 840 3888; x_wconf 74' lang='lat' dir='ltr'>Italiam</span> <span class='ocrx_word' id='word_1_301' title='bbox 854 3821 921 3876; x_wconf 82' lang='lat' dir='ltr'>sius</span> <span class='ocrx_word' id='word_1_302' title='bbox 933 3817 1041 3896; x_wconf 74' lang='lat' dir='ltr'>pythio</span> <span class='ocrx_word' id='word_1_303' title='bbox 1062 3825 1119 3874; x_wconf 83' lang='lat' dir='ltr'>ete.</span> <span class='ocrx_word' id='word_1_304' title='bbox 1173 3851 1205 3902; x_wconf 30' lang='grc' dir='ltr'>Σ,</span> 
     </span>
    </p>
   </div>
   <div class='ocr_carea' id='block_1_4' title="bbox 107 3984 1256 4587">
    <p class='ocr_par' dir='ltr' id='par_1_5' title="bbox 107 3984 1256 4587">
     <span class='ocr_line' id='line_1_34' title="bbox 109 3984 1218 4087; baseline 0.001 -30"><span class='ocrx_word' id='word_1_305' title='bbox 109 3985 266 4062; x_wconf 84' lang='lat' dir='ltr'>Graecos</span> <span class='ocrx_word' id='word_1_306' title='bbox 278 3984 316 4064; x_wconf 81' lang='lat' dir='ltr'>ira</span> <span class='ocrx_word' id='word_1_307' title='bbox 327 4015 370 4060; x_wconf 82' lang='lat' dir='ltr'>oo</span> <span class='ocrx_word' id='word_1_308' title='bbox 388 3989 633 4087; x_wconf 81' lang='lat' dir='ltr'>reprehendit,</span> <span class='ocrx_word' id='word_1_309' title='bbox 679 3991 732 4060; x_wconf 82' lang='lat' dir='ltr'>bis</span> <span class='ocrx_word' id='word_1_310' title='bbox 748 4017 772 4060; x_wconf 87' lang='lat' dir='ltr'>o</span> <span class='ocrx_word' id='word_1_311' title='bbox 792 3987 1013 4060; x_wconf 77' lang='lat' dir='ltr'>Dicaearcho</span> <span class='ocrx_word' id='word_1_312' title='bbox 1032 3987 1218 4058; x_wconf 79' lang='lat' dir='ltr'>transtuli.</span> 
     </span>
     <span class='ocr_line' id='line_1_35' title="bbox 107 4077 1218 4239; baseline -0.002 -91"><span class='ocrx_word' id='word_1_313' title='bbox 107 4083 198 4239; x_wconf 62' lang='lat' dir='ltr'>prod</span> <span class='ocrx_word' id='word_1_314' title='bbox 213 4111 311 4154; x_wconf 81' lang='lat' dir='ltr'>moro</span> <span class='ocrx_word' id='word_1_315' title='bbox 329 4102 400 4152; x_wconf 85' lang='lat' dir='ltr'>tam</span> <span class='ocrx_word' id='word_1_316' title='bbox 419 4090 527 4154; x_wconf 82' lang='lat' dir='ltr'>securi</span> <span class='ocrx_word' id='word_1_317' title='bbox 543 4101 631 4153; x_wconf 86' lang='lat' dir='ltr'>sunt.</span> <span class='ocrx_word' id='word_1_318' title='bbox 681 4083 872 4175; x_wconf 80' lang='lat' dir='ltr'>Negouerat</span> <span class='ocrx_word' id='word_1_319' title='bbox 887 4097 999 4147; x_wconf 84' lang='lat' dir='ltr'>autem</span> <span class='ocrx_word' id='word_1_320' title='bbox 1010 4077 1144 4147; x_wconf 85' lang='lat' dir='ltr'>Atticus</span> <span class='ocrx_word' id='word_1_321' title='bbox 1156 4077 1218 4148; x_wconf 86' lang='lat' dir='ltr'>Ar·</span> 
     </span>
     <span class='ocr_line' id='line_1_36' title="bbox 134 4173 1256 4268; baseline 0.001 -30"><span class='ocrx_word' id='word_1_322' title='bbox 134 4195 156 4238; x_wconf 85' lang='lat' dir='ltr'>n</span> <span class='ocrx_word' id='word_1_323' title='bbox 174 4179 267 4244; x_wconf 88' lang='lat' dir='ltr'>uude</span> <span class='ocrx_word' id='word_1_324' title='bbox 286 4179 407 4247; x_wconf 84' lang='lat' dir='ltr'>Cicero</span> <span class='ocrx_word' id='word_1_325' title='bbox 435 4178 635 4268; x_wconf 75' lang='lat' dir='ltr'>disputatio·</span> <span class='ocrx_word' id='word_1_326' title='bbox 682 4173 1110 4265; x_wconf 68' lang='lat' dir='ltr'>cadasmareoontingeret</span> <span class='ocrx_word' id='word_1_327' title='bbox 1170 4173 1215 4240; x_wconf 87' lang='lat' dir='ltr'>od</span> <span class='ocrx_word' id='word_1_328' title='bbox 1251 4189 1256 4196; x_wconf 85' lang='grc'><em>“</em></span> 
     </span>
     <span class='ocr_line' id='line_1_37' title="bbox 107 4261 1213 4359; baseline -0.002 -27"><span class='ocrx_word' id='word_1_329' title='bbox 107 4265 273 4338; x_wconf 83' lang='lat' dir='ltr'>uishuius</span> <span class='ocrx_word' id='word_1_330' title='bbox 291 4269 466 4335; x_wconf 82' lang='lat' dir='ltr'>materiam</span> <span class='ocrx_word' id='word_1_331' title='bbox 483 4269 635 4359; x_wconf 69' lang='lat' dir='ltr'>surripuit,</span> <span class='ocrx_word' id='word_1_332' title='bbox 676 4291 778 4354; x_wconf 16' lang='lat' dir='ltr'>*secus</span> <span class='ocrx_word' id='word_1_333' title='bbox 796 4283 908 4333; x_wconf 81' lang='lat' dir='ltr'>tamen</span> <span class='ocrx_word' id='word_1_334' title='bbox 925 4261 1109 4355; x_wconf 82' lang='lat' dir='ltr'>aliquando</span> <span class='ocrx_word' id='word_1_335' title='bbox 1136 4265 1213 4348; x_wconf 77' lang='lat' dir='ltr'>uit,</span> 
     </span>
     <span class='ocr_line' id='line_1_38' title="bbox 109 4353 1214 4454; baseline 0.003 -35"><span class='ocrx_word' id='word_1_336' title='bbox 109 4369 189 4424; x_wconf 84' lang='lat' dir='ltr'>teste</span> <span class='ocrx_word' id='word_1_337' title='bbox 224 4363 299 4452; x_wconf 89' lang='lat' dir='ltr'>ipso</span> <span class='ocrx_word' id='word_1_338' title='bbox 335 4361 462 4429; x_wconf 77' lang='lat' dir='ltr'>ibidem</span> <span class='ocrx_word' id='word_1_339' title='bbox 488 4389 498 4425; x_wconf 73' lang='grc' dir='ltr'><strong><em>ε</em></strong></span> <span class='ocrx_word' id='word_1_340' title='bbox 533 4379 635 4454; x_wconf 81' lang='lat' dir='ltr'>atquc</span> <span class='ocrx_word' id='word_1_341' title='bbox 683 4371 791 4450; x_wconf 76' lang='lat' dir='ltr'>quum</span> <span class='ocrx_word' id='word_1_342' title='bbox 814 4353 1015 4450; x_wconf 79' lang='lat' dir='ltr'>Triphyliue</span> <span class='ocrx_word' id='word_1_343' title='bbox 1035 4355 1214 4448; x_wconf 76' lang='lat' dir='ltr'>potieban-</span> 
     </span>
     <span class='ocr_line' id='line_1_39' title="bbox 110 4448 1139 4587; baseline -0.005 -64"><span class='ocrx_word' id='word_1_344' title='bbox 110 4448 209 4519; x_wconf 77' lang='lat' dir='ltr'>issum</span> <span class='ocrx_word' id='word_1_345' title='bbox 216 4477 279 4547; x_wconf 79' lang='lat' dir='ltr'>ego</span> <span class='ocrx_word' id='word_1_346' title='bbox 291 4455 402 4528; x_wconf 78' lang='lat' dir='ltr'>iocum</span> <span class='ocrx_word' id='word_1_347' title='bbox 411 4454 555 4527; x_wconf 82' lang='lat' dir='ltr'>totidem</span> <span class='ocrx_word' id='word_1_348' title='bbox 563 4471 640 4525; x_wconf 65' lang='lat' dir='ltr'>aere</span> <span class='ocrx_word' id='word_1_349' title='bbox 684 4469 743 4524; x_wconf 84' lang='lat' dir='ltr'>tur</span> <span class='ocrx_word' id='word_1_350' title='bbox 758 4449 1139 4587; x_wconf 41' lang='lat' dir='ltr'>regionis&#39;tmaritimae.</span> 
     </span>
    </p>
   </div>
   <div class='ocr_carea' id='block_1_5' title="bbox 0 0 1648 5662">
    <p class='ocr_par' dir='ltr' id='par_1_6' title="bbox 0 0 1648 5662">
     <span class='ocr_line' id='line_1_40' title="bbox 0 0 1648 5662; baseline 0 0"><span class='ocrx_word' id='word_1_351' title='bbox 0 0 1648 5662; x_wconf 95' lang='lat' dir='ltr'> </span> 
     </span>
    </p>
   </div>
  </div>
 </body>
</html>
