3314 5658
456 497 582 564 xxxtt

341 635 348 648 ·
452 613 542 694 fiat,
565 606 754 682 humectari
771 627 804 680 et
822 609 929 680 lavari
946 627 1047 705 atque
1065 609 1180 680 abradi
1203 610 1288 682 solet
1308 623 1317 681 ;
1353 609 1568 685 Dissuuntur'

452 713 555 816 igitur
572 722 675 808 solia,
698 724 851 793 manibus
869 723 1039 792 artificum
1051 739 1326 807 contrectantur,
1348 723 1567 819 laevigantur

451 831 574 900 iterum
592 848 626 898 et
643 831 876 913 exsiccantur,
900 847 941 898 ut
958 851 1045 898 novo
1057 827 1222 900 volumini
1240 833 1565 914 accommodentur;

375 923 384 946 ⁴
450 941 544 1030 quod
555 937 684 1008 cumlit
698 987 707 1023 ,
720 940 843 1029 prioris
861 938 1047 1028 scripturae
1066 939 1166 1006 series
1184 961 1293 1030 nequa
1311 932 1441 1008 servari
1449 959 1565 1030 potest

383 1109 388 1118 .
449 1048 494 1118 ob
512 1050 687 1117 inductam
704 1049 942 1117 obscuritatem
954 1065 988 1116 et
1003 1045 1137 1131 labam,
1164 1071 1273 1141 neque
1286 1071 1389 1140 porro
1401 1051 1507 1119 debet
1521 1053 1566 1122 ob

449 1159 601 1226 eiusdem
626 1182 727 1227 usum
750 1157 985 1249 antiquatum.
1011 1157 1078 1227 Sed
1095 1179 1174 1224 ecce
1192 1157 1256 1222 tibi
1272 1154 1376 1223 aliam
1394 1155 1532 1226 cladem
1551 1205 1563 1243 ,

447 1268 534 1334 dum
550 1265 768 1360 plagularum
784 1283 961 1349 veterum,
985 1283 1089 1356 prout
1104 1267 1190 1334 novi
1208 1266 1316 1357 operis
1332 1268 1418 1333 ratio
1435 1285 1563 1358 postu·-

446 1370 520 1456 lat,
550 1371 605 1441 rel
624 1397 702 1441 orae
721 1373 1015 1440 cucumciduntur
1040 1369 1094 1440 vel
1124 1373 1217 1440 sinus
1239 1369 1490 1463 complicantur
1508 1372 1563 1440 rel

445 1475 612 1548 latercula
635 1481 899 1549 conscinduntur
925 1529 934 1546 .
958 1481 1032 1548 Iam
1057 1480 1100 1547 de
1120 1475 1209 1546 soliis
1227 1475 1432 1569 palimpsesti
1462 1481 1563 1548 ordi-

444 1589 563 1656 nandis
576 1633 586 1670 ,
600 1589 663 1656 etsi
674 1604 724 1656 est
741 1589 857 1680 ingens
874 1587 917 1654 ad
931 1587 1162 1657 disserendum
1179 1585 1296 1668 locus,
1309 1603 1445 1670 umen,
1466 1605 1509 1654 ut
1527 1589 1564 1655 in

444 1693 773 1780 transcursu‚leviter
783 1697 996 1788 stringendus
1008 1711 1059 1762 est
1069 1696 1230 1788 brevique
1244 1695 1433 1788 magisterio
1445 1692 1565 1762 absol·

442 1807 572 1874 vendas
592 1857 601 1873 .
633 1806 800 1876 Veterum
817 1801 947 1874 scilicet
970 1826 1042 1872 utos
1061 1804 1373 1896 componendorum
1389 1799 1562 1872 librorum

441 1919 532 1986 idem
550 1934 622 1984 erat
640 1917 701 2008 qui
718 1915 810 2006 apud
827 1937 889 1982 nos
900 1930 976 2004 post
992 1913 1142 1982 inventos
1155 1930 1254 2006 typos
1266 1941 1276 1978 r
1287 1913 1449 1982 nimirum
1468 1911 1560 1980 liber

441 2047 542 2091 none
557 2021 696 2116 siugulis
709 2023 936 2114 reparatisque
945 2018 1059 2101 soliis,
1079 2043 1197 2088 verum
1214 2043 1233 2086 c
1251 2017 1411 2088 soliorum
1424 2021 1563 2111 parium

439 2127 607 2198 fasciculis
624 2125 867 2197 conficiebatur
887 2177 895 2196 .
922 2129 969 2196 lli
990 2127 1144 2198 fasciculi
1161 2152 1223 2220 pro
1243 2131 1377 2220 parium
1393 2129 1562 2200 soliorum

438 2259 581 2306 numero
608 2238 770 2305 dicuntur
792 2233 896 2329 vulgo
925 2236 1157 2318 duerniones,
1186 2237 1384 2322 terniones,
1419 2263 1563 2332 quater·-

438 2345 554 2416 niones
569 2365 643 2414 'aut
664 2346 937 2439 quinterniones.
973 2343 1239 2438 Nonnumquam
1269 2347 1371 2414 etiam
1400 2353 1559 2424 videmus

437 2451 522 2522 baec
538 2451 780 2523 'fasciculorum
798 2477 922 2548 genera
941 2453 977 2520 iu
994 2453 1169 2520 codicibus
1187 2457 1420 2526 commisceri.
1438 2463 1483 2530 In
1495 2487 1559 2532 cu.

437 2561 558 2652 iusque
577 2560 728 2629 fasciculi
745 2577 913 2651 postrema
932 2557 1133 2651 plerumque
1153 2563 1275 2654 pagina
1297 2582 1376 2633 nota
1394 2567 1559 2636 scribitur

440 2667 648 2745 numeralisr
667 2692 752 2760 quae
771 2685 883 2738 tamen
901 2668 1098 2748 interdum,
1118 2671 1176 2735 sad
1194 2671 1325 2753 rarius,
1346 2679 1499 2745 occurrit
1521 2681 1558 2748 in

435 2783 543 2874 prima
575 2779 720 2873 pagina.
753 2777 941 2868 Utramque
960 2779 1239 2854 consuetudinem
1261 2805 1280 2846 a
1309 2786 1427 2873 primis
1450 2795 1558 2859 etiam

435 2886 656 2979 typographis
673 2901 844 2954 retentam,
857 2885 1032 2953 videmus.
1051 2885 1159 2977 Igitur
1176 2887 1235 2974 qui
1247 2889 1400 2962 codicem
1418 2895 1558 2962 ordinat

433 2993 504 3061 buc
518 2995 668 3086 apprime
679 3010 826 3061 mentem
838 2993 1014 3076 intendat,
1029 3010 1068 3060 ιιῑ
1085 2989 1162 3059 solia
1177 2992 1289 3060 dissita
1303 2996 1346 3062 ad
1365 3013 1441 3066 suos
1453 2998 1558 3068 susci·

432 3098 528 3167 culos
545 3101 719 3180 retraham
738 3100 860 3168 deinde
879 3115 919 3166 ut
936 3097 998 3168 bos
1015 3121 1077 3189 pro
1095 3115 1254 3168 notarum
1271 3101 1354 3168 serie
1373 3103 1557 3192 disponat.

435 3211 568 3279 ldcum
580 3212 617 3278 in
629 3211 766 3303 integris
779 3208 951 3279 codicibus
963 3207 1062 3277 facile
1081 3209 1139 3290 fit,
1159 3226 1233 3276 tum
1243 3209 1279 3278 in
1289 3207 1419 3278 mutilis
1430 3227 1464 3278 et
1474 3237 1556 3302 pes-

432 3316 595 3386 aumdatis
607 3360 618 3395 ,
632 3331 671 3380 ut
681 3331 759 3381 sunt
771 3311 925 3404 plerique
939 3335 1054 3380 omnes
1068 3359 1078 3394 ,
1097 3311 1206 3380 multo
1219 3313 1420 3382 laboriosius
1434 3365 1442 3381 .
1458 3318 1555 3402 Quid

430 3425 522 3490 enim
539 3424 567 3487 si
590 3439 669 3490 nota
688 3420 866 3488 obscurata
885 3429 965 3484 est?
989 3420 1072 3508 quid
1091 3420 1119 3484 si
1137 3423 1300 3486 extimum
1319 3419 1474 3492 fasciculi
1494 3429 1552 3494 so·-

430 3523 519 3594 lium
536 3527 775 3594 desideratur?
793 3522 876 3612 quid
893 3545 1011 3592 rursus
1029 3523 1057 3588 si
1074 3525 1247 3612 perierunt
1257 3523 1339 3592 solia
1353 3525 1484 3620 aliquot
1496 3533 1552 3600 in·

429 3638 623 3706 termedia?
646 3636 692 3701 ita
711 3649 750 3700 ut
767 3656 854 3700 nexu
878 3627 1013 3700 sublato
1025 3677 1041 3722 ,Ι
1067 3629 1227 3699 soliorum
1244 3635 1406 3726 quidem,
1422 3641 1450 3706 si
1468 3659 1552 3710 nota

426 3760 598 3834 superest,
611 3757 838 3810 extremorum
852 3761 1046 3830 processum
1063 3740 1176 3808 rideas
1188 3787 1199 3825 ,
1212 3763 1330 3818 verum
1342 3744 1421 3813 lolia
1430 3748 1550 3814 inter-

429 3852 541 3919 media
573 3851 609 3918 in
640 3871 742 3941 quem
764 3845 928 3939 potissime
960 3843 1158 3916 fasciculum
1193 3849 1348 3918 coniicias
1378 3851 1546 3918 incertum

429 3961 495 4029 sit.
515 3953 608 4026 Illud
627 3976 764 4048 quoque
791 3953 921 4020 accedit
939 3952 1214 4036 incommodum,
1234 3958 1326 4046 quod
1344 3959 1476 4048 parium
1494 3958 1547 4024 fo·

427 4069 554 4140 liorum
585 4089 681 4158 saepe
710 4063 876 4158 plicatura
903 4081 1119 4155 praepostera
1145 4082 1224 4134 est.
1255 4069 1302 4134 Ea
1326 4091 1380 4136 res
1404 4069 1544 4194 quidem

425 4181 553 4250 dissuto
573 4177 690 4244 codice
707 4171 808 4242 certis
837 4173 1010 4240 interdum
1028 4172 1239 4242 membranae
1265 4175 1395 4244 iudiciis
1414 4200 1448 4242 se
1466 4178 1540 4268 ipsa

426 4291 568 4380 prodit,
600 4288 731 4377 saepius
749 4302 863 4351 tamen
880 4283 923 4350 de
946 4283 1107 4349 sermonis
1126 4297 1282 4350 contextu
1314 4287 1544 4377 cognoscenda

432 4413 508 4474 cst,
535 4395 627 4492 Quid
650 4393 830 4476 dentum
806 4387 939 4477 ariolis
950 4362 1163 4492 complura,
1169 4407 1229 4468 aut
1240 4393 1384 4492 omnip,
1396 4394 1545 4487 imparis
