3314 5658
348 503 353 514 ¹
450 487 591 559 XXXVI

279 611 283 618 '
448 621 612 692 guercnt.
640 598 693 668 Ad
713 613 859 666 veterem
877 589 1145 668 ¹e'ut'endationem
1157 593 1250 690 ¹quod
1264 597 1410 679 adtinet,
1428 581 1547 663 morcio
1626 569 1627 578 ἵ

449 705 550 774 fuisse
577 711 721 788 scimus,
752 723 932 796 antequam
958 703 1159 794 exemplaria
1188 703 1431 796 vulgarentur,
1464 704 1545 768 dan·

448 814 484 879 ‹li
515 837 650 904 operam
680 834 718 881 ut
742 816 1011 905 corrigerentur.
1035 818 1218 880 Testantur
1241 814 1275 879 id
1296 813 1452 881 codicum
1475 807 1548 876 sub·
1626 803 1627 830 ³

446 920 645 1008 scriptiones
657 924 744 1014 tagi,
759 919 976 1000 emendabi,
995 925 1151 989 recensui
1165 945 1176 996 ς
1195 933 1268 985 turn
1289 920 1379 1009 ipsae
1396 915 1546 984 emendo-

445 1032 552 1098 tiones
579 1033 819 1098 minutioribus
848 1027 1104 1119 capieruntque
1131 1029 1327 1096 rudioribus
1350 1026 1471 1094 litteris
1499 1024 1548 1088 in·

447 1141 646 1227 terpositae.
674 1139 794 1206 Cicero
814 1135 857 1203 ad
876 1133 945 1204 Au.
968 1155 1053 1204 xttt.
1074 1137 1143 1202 23³
1171 1117 1252 1202 libri
1281 1133 1332 1210 ad
1360 1133 1548 1202 Varronem
1626 1145 1627 1198 ὲ

362 1257 368 1265 “
445 1271 516 1313 non
534 1251 783 1325 morabantur3
818 1265 895 1314 sunt
924 1252 1016 1312 enim
1042 1247 1185 1334 destord,
1207 1263 1244 1314 ut
1261 1245 1401 1318 vidistis
1426 1259 1549 1310 tantum

444 1351 664 1423 librariorum
693 1355 821 1424 mendo
844 1357 1037 1423 tolluntur.
1064 1354 1309 1421 Grammaticos
1331 1345 1481 1416 adbiberi
1498 1368 1549 1412 so·

442 1459 520 1529 litos
539 1465 582 1529 ad
601 1465 807 1528 emendanda
839 1462 1069 1552 exemplaria,
1094 1465 1193 1530 docet
1218 1460 1350 1531 Gellius
1371 1479 1407 1525 v.
1434 1456 1476 1542 dt
1501 1454 1550 1521 id·

430 1559 507 1660 'qne
527 1571 601 1657 fieri
621 1569 759 1636 solitum
787 1569 969 1636 collatione
997 1569 1174 1638 meliorum
1193 1569 1390 1650 librorum,
1417 1566 1551 1632 tradunt

441 1702 511 1745 non
529 1678 630 1745 semel
649 1681 901 1770 Hieronymus,
927 1675 1135 1771 Augustinus
1153 1695 1188 1746 et
1207 1678 1462 1746 Cassiodorius.
1476 1673 1550 1739 Mo·

443 1787 506 1852 dns
525 1789 726 1856 emendandi
752 1789 819 1854 sive
838 1787 871 1853 in
890 1787 1004 1854 codiee
1024 1789 1065 1855 de
1084 1810 1155 1876 rep.
1177 1787 1244 1854 sive
1273 1787 1308 1852 in
1335 1784 1454 1874 priscis
1481 1779 1551 1848 aliis

439 1894 496 1961 bic
516 1899 584 1964 iere
603 1911 673 1962 est.
690 1899 725 1964 Si
740 1899 841 1962 verba
854 1891 1007 1963 addenda
1025 1913 1103 1962 sunt
1118 1943 1127 1977 ,
1142 1919 1180 1961 ea
1196 1919 1293 1984 supra
1312 1891 1447 1964 tersum
1463 1937 1473 1974 ,
1493 1913 1549 1956 ru-

439 2005 510 2070 rius
528 2006 564 2068 in
585 2003 764 2095 margine,
790 2004 1052 2080 adscribuntur3
1077 2003 1128 2068 siis
1146 2001 1351 2096 detrahenda
1373 2045 1382 2080 ‚
1409 2025 1447 2066 ea
1466 2021 1550 2089 pun-

439 2111 501 2178 ctis
518 2135 613 2200 saepe
632 2133 773 2199 superne
793 2159 803 2193 ,
828 2134 905 2176 raro
924 2107 1053 2176 inferne
1072 2127 1253 2176 notantur.
1270 2109 1356 2176 Hinc
1374 2120 1551 2204 esepunge⁴

438 2248 476 2290 re
497 2245 559 2313 pro
590 2222 732 2288 delere.
766 2223 919 2311 Denique
951 2221 978 2286 si
1009 2217 1140 2288 litterae
1171 2212 1434 2288 transferendae·
1451 2223 1551 2298 ¹suut,

437 2332 723 2422 corrigendosque
748 2331 884 2397 vitiosae
903 2328 1123 2408 metatheses‚
1158 2328 1193 2392 in
1218 2327 1335 2395 codice
1354 2328 1493 2416 quidem
1511 2327 1552 2393 de

436 2439 558 2536 'replsrt
578 2440 767 2506 emendatio
787 2441 884 2530 signis
906 2443 964 2512 Ξ
985 2477 1041 2515 ;
1060 2490 1115 2502 -.
1139 2441 1184 2504 ita
1205 2453 1242 2502 ut
1260 2451 1346 2528 quae
1364 2435 1477 2506 littera
1497 2433 1551 2505 vel
1626 2433 1627 2502 Ϊ

438 2551 530 2640 quod
550 2531 691 2616 verbum
703 2573 770 2613 una
781 2545 870 2614 linea
882 2564 1038 2628 notatur,
1051 2549 1092 2612 ad
1108 2549 1250 2636 primam
1261 2547 1373 2613 sedem
1386 2549 1428 2614 sit
1443 2565 1552 2642 trans·

435 2659 612 2726 serendum
626 2704 635 2738 ‚
650 2657 835 2746 eodemque
849 2657 965 2721 ordine
977 2654 1108 2746 reliqua
1123 2705 1130 2722 .
1152 2657 1279 2722 Pansae
1292 2657 1328 2724 in
1347 2655 1415 2723 hoc
1435 2657 1551 2723 codiee

435 2763 528 2830 baud
542 2770 627 2829 'raro
648 2777 808 2852 apparent
827 2807 838 2842 ‚
858 2783 975 2849 nempe
994 2778 1159 2848 punctum
1179 2763 1351 2852 quoddam
1369 2757 1552 2856 recurvum*

437 2871 529 2934 iuxta
547 2867 678 2934 litterae
690 2869 915 2932 summitatem
929 2913 939 2947 ‚
954 2867 1046 2956 quod
1064 2883 1176 2933 tamen
1190 2871 1224 2934 in
1236 2869 1417 2937 Frontonis
1431 2873 1550 2940 codice
1626 2933 1627 2952 q

435 2963 545 3046 multo
565 2979 755 3046 accuratius
765 2975 1042 3066 sreuptentiusqne
1059 2975 1098 3042 fit
1114 3028 1120 3042 .
1134 2977 1192 3043 Est
1206 2995 1320 3046 autem
1338 2981 1370 3046 id
1381 2999 1553 3068 punctum
1626 3025 1627 3072 l

432 3109 536 3177 pausa
556 3111 652 3175 saepe
672 3086 782 3150 minor
802 3129 811 3163 ‚
831 3109 900 3150 non
919 3085 954 3150 in
980 3083 1151 3150 codicibus
1171 3082 1283 3152 solum
1300 3083 1411 3150 latinis
1428 3076 1563 3154 verutn'
1626 3089 1627 3092 ’

1597 3179 1604 3202 t

434 3197 535 3258 etiam
553 3196 588 3258 in
607 3191 750 3284 gothicis
769 3190 976 3280 ulpliilanis.
1000 3195 1089 3278 Quin
1106 3193 1200 3260 haud
1218 3217 1295 3263 raro
1308 3193 1362 3263 vel
1381 3215 1488 3288 prope
1502 3213 1552 3261 te·

433 3321 523 3365 merc
548 3299 773 3386 appingitur,
798 3294 851 3358 vel
872 3297 1134 3382 separandarum
1157 3297 1336 3364 verborum
1357 3325 1482 3382 cansa,
1508 3301 1552 3368 ne'

433 3425 501 3490 qua
520 3401 560 3466 sit
578 3399 800 3490 ambiguitas.
823 3395 935 3484 Atque
956 3401 1063 3464 omnis
1083 3399 1322 3489 orthographia
1338 3404 1470 3492 politici
1492 3429 1552 3474 co-

432 3511 516 3578 dicis
535 3505 633 3576 valde
654 3503 810 3597 congruit
830 3517 910 3569 curn
927 3501 986 3568 illa
1007 3507 1207 3572 taurinensis
1228 3507 1419 3598 Laurentii,
1440 3537 1549 3606 quam
1626 3573 1627 3582 ,

430 3601 566 3706 praeter
595 3629 721 3680 ceteros
751 3611 939 3678 observarit
972 3633 1100 3700 nosque
1132 3611 1248 3694 docuit
1275 3617 1390 3707 Scipio
1421 3619 1556 3692 Matie-

430 3721 483 3786 ius
502 3715 580 3811 (1).
606 3719 752 3839 Littegae
779 3713 981 3808 singulariae
1012 3713 1144 3781 duobus
1166 3719 1310 3806 punctis·
1326 3720 1549 3806 concludun-

362 3903 364 3912 ,
429 3845 486 3893 tur
507 3873 516 3908 ‚
542 3849 650 3916 neqne
667 3826 743 3890 imis
762 3834 871 3912 neque
890 3823 1066 3913 supernis,
1086 3825 1144 3890 sed
1162 3825 1280 3892 mediis
1294 3851 1304 3902 ς
1318 3828 1411 3918 isque
1427 3829 1548 3900 inan-

401 3924 405 3940 '
430 3937 533 4026 tiquis
552 3934 920 4022 codicibusperpetuus
939 3931 1008 4000 fere
1027 3939 1098 4001 moi
1116 3949 1185 4000 est.
1201 3935 1298 4002 Ratio
1310 3935 1549 4033 diphthongo-

428 4071 508 4113 rum
527 4067 621 4132 saepe
640 4057 732 4107 reeta
751 4057 823 4106 est.
850 4040 994 4106 Litterae
1021 4039 1058 4104 in
1088 4038 1155 4106 fine
1173 4065 1333 4108 versuum
1357 4041 1544 4133 aliquando

432 4155 657 4228 minuuntur,
682 4145 736 4212 vel
755 4147 790 4210 in
810 4153 1225 4236 monogramma'ooeunt'.
1250 4143 1362 4214 Semel
1382 4147 1491 4216 forma
1512 4153 1544 4221 V

350 4311 352 4317 Α
432 4241 593 4328 scribitur
607 4253 759 4346 p.156in
777 4251 876 4320 titulo
884 4251 969 4366 libri
982 4299 992 4334 ‚
1006 4270 1039 4320 et
1058 4255 1195 4358 quidem
1214 4262 1294 4330 sono
1310 4253 1439 4332 vocali:
1455 4259 1550 4342 cepe.

474 4404 519 4473 (t)
544 4399 578 4454 ln
600 4395 726 4479 epistula
742 4363 914 4494 praeposito
936 4363 1232 4486 messurianum
1249 4359 1376 4474 Meli·
1473 4469 1476 4473 .
1501 4435 1516 4476 .·

802 4491 819 4541 3
1204 4489 1206 4494 ,
