3286 5658
412 472 513 568 326
760 499 823 562 nn
855 499 916 562 aa
950 495 1183 564 rvunrca

465 615 619 692 XXIII.
647 613 835 707 Quocirca
862 614 893 690 si
922 613 1082 688 reditum
1104 611 1143 688 in
1166 611 1272 686 hunc
1290 607 1420 686 locum
1436 604 1528 686 des-

409 737 619 838 peraueris‚
648 739 687 810 in
716 761 795 839 quo
824 735 948 810 omnia
972 749 1057 810 sunt
1082 733 1222 834 magnis
1244 751 1282 810 et
1304 731 1530 836 praestanti-

409 861 479 936 bus
503 861 617 957 uiris3
637 861 774 964 ¹quanti
796 859 946 934 undem
971 873 1028 934 est
1050 859 1120 934 isu
1148 855 1343 933 hominum
1378 855 1530 958 gloria,

409 1009 502 1086 quaa
518 984 697 1086 pertinere
714 980 779 1058 uix
801 981 850 1056 ad
868 979 975 1060 unius
996 979 1082 1054 anui
1103 994 1249 1081 partem
1271 979 1444 1077 exiguam
1458 1001 1531 1078 po·

408 1100 514 1181 test?
540 1107 656 1206 Igitur
670 1103 744 1180 alte
761 1117 925 1206 spectare
944 1105 976 1178 si
1000 1100 1104 1178 uoles
1120 1157 1132 1198 ‚
1162 1115 1270 1205 atque
1287 1103 1384 1176 hanc
1401 1100 1528 1177 sedem

406 1243 444 1302 et
465 1243 650 1306 aeternam
682 1215 841 1302 domum
872 1214 1206 1326 contueripneque
1233 1235 1270 1300 te
1294 1223 1530 1300 sermonibus

407 1345 507 1446 uulgi
525 1345 692 1442 dederis,
707 1370 774 1420 nec
794 1346 832 1418 in
849 1346 1023 1447 praemiis
1040 1333 1211 1420 humanis
1233 1353 1338 1448 spe'rn
1360 1345 1530 1447 posueris

313 1497 319 1512 “
360 1517 365 1524 ·
406 1491 531 1544 rerum
556 1483 728 1544 mamma
759 1468 833 1540 suis
853 1479 889 1540 tc
914 1479 1066 1567 oportet
1091 1463 1287 1560 inlecebris
1311 1467 1391 1568 ipsa
1409 1465 1532 1538 uirtus

407 1587 528 1664 trahat
543 1586 591 1666 ad
608 1615 738 1664 uerum
756 1587 891 1662 decusa
919 1585 1069 1688 quidde
1086 1601 1120 1662 te
1138 1586 1201 1664 alii
1212 1585 1413 1687 loquantur
1428 1639 1440 1680 ,
1453 1579 1531 1684 ipsi

407 1713 556 1790 uideant
572 1747 584 1811 ς
601 1714 666 1791 sed
684 1713 884 1816 loquentur
899 1729 1024 1788 tamen
1038 1763 1048 1784 .
1061 1714 1190 1790 Sermo
1206 1727 1331 1788 autem
1348 1711 1471 1788 omnis
1486 1707 1534 1784 il·

342 1837 358 1873 s
406 1830 444 1942 le,
459 1851 497 1910 et
519 1835 690 1936 angustiis
711 1836 869 1936 cingitur
887 1835 932 1910 iis
953 1835 1167 1934 regionum,
1189 1861 1279 1936 quas
1300 1833 1431 1928 uides;
1460 1853 1533 1906 nec

406 1983 585 2060 umquam
601 1953 647 2032 de
664 1957 742 2034 ullo
766 1959 933 2060 perennis
949 1953 1019 2032 fuit
1038 1988 1049 2054 3
1076 1971 1115 2033 et
1134 1957 1305 2034 obruitur
1329 1955 1534 2032 hominum

287 2129 294 2134 -
405 2075 582 2172 interitu;
609 2093 647 2152 et
671 2076 858 2156 obliuione
885 2079 1111 2181 posteritatis
1136 2081 1388 2180 extinguitur.

459 2203 633 2278 XXIIII.
660 2201 761 2294 Quae
782 2227 870 2276 cum
889 2201 1074 2298 dixisset,
1102 2225 1169 2303 ego
1195 2231 1282 2278 uero
1302 2253 1315 2298 ‚
1344 2203 1532 2304 inquam,

409 2352 434 2400 o
459 2326 664 2423 Africano,
692 2324 877 2428 siquidem
906 2324 999 2401 bene
1031 2327 1173 2404 meritis
1196 2327 1243 2402 de
1272 2327 1393 2430 patria
1421 2323 1534 2427 quasi

288 2502 293 2512 .
408 2445 517 2524 limes
541 2448 591 2522 ad
622 2448 715 2526 caeli
736 2448 880 2523 adimm
908 2463 1038 2550 patet,
1067 2475 1294 2551 quamquam
1317 2475 1339 2524 a
1370 2447 1536 2548 pueritia

406 2569 568 2669 uestigiis
594 2569 776 2668 ingressus
795 2568 950 2669 patriis,
967 2583 1004 2644 et
1026 2573 1129 2668 tuis,
1158 2569 1286 2646 decori
1306 2583 1430 2646 uestro
1451 2595 1535 2642 non

342 2785 349 2801 ,
407 2689 508 2766 delui
522 2719 543 2788 ς·
562 2713 659 2763 nunc
680 2705 828 2783 umen,
857 2703 961 2764 tanto
981 2693 1148 2791 praemio
1165 2693 1387 2796 proposito,
1408 2691 1534 2766 enitar

409 2809 532 2890 multo
552 2809 782 2912 uigilantius.
810 2814 861 2885 Et
880 2809 967 2908 ille,
988 2827 1029 2887 tu
1045 2837 1133 2890 uero
1150 2815 1312 2912 enitere,
1339 2829 1376 2890 et
1391 2813 1446 2890 sic
1461 2813 1535 2888 ha-

410 2937 497 3012 beto
512 2991 524 3032 ‚
542 2963 618 3010 non
636 2957 713 3008 esse
734 2949 770 3008 te
787 2935 985 3009 mortalem
1003 2989 1015 3031 ‚
1042 2935 1108 3012 sed
1128 2963 1267 3040 corpus
1292 2937 1365 3014 hoc
1381 2972 1433 3035 a„
1461 2961 1536 3014 neo

409 3111 435 3154 ‚,
463 3058 563 3132 enlm
576 3071 686 3152 tues,
704 3083 816 3158 quem
837 3055 956 3132 fornia
976 3059 1047 3132 ista
1061 3057 1321 3156 declarat7sed
1340 3086 1444 3136 meus
1462 3086 1533 3135 cu·

412 3233 441 3274 ‚‚
472 3157 599 3282 iusque
619 3179 651 3252 is
670 3191 724 3253 est
740 3179 892 3279 quisque
911 3182 957 3248 (a)
973 3211 1028 3275 „3
1048 3207 1123 3255 non
1141 3207 1182 3256 ea
1203 3185 1342 3283 figura,
1360 3211 1452 3287 quae
1471 3183 1533 3256 di.
1554 3172 1560 3182 '

411 3301 491 3399 gito
513 3299 759 3374 denronstrari
775 3313 917 3400 potest.
930 3301 1051 3378 Deum
1071 3315 1105 3376 te
1128 3304 1239 3404 igitur
1258 3303 1354 3380 scito
1367 3307 1532 3382 esse(¹)=

457 3475 504 3542 (a)
529 3473 571 3528 lo.
591 3465 820 3528 Saresberiensis
837 3465 1004 3546 metalogic.
1025 3471 1079 3528 lll.
1092 3493 1119 3551 7.
1140 3471 1198 3530 sic=
1221 3479 1324 3537 Cicero
1342 3480 1372 3533 iu
1391 3475 1471 3534 libro
1489 3473 1530 3533 da
1637 3475 1638 3546 ζ

402 3572 447 3614 are
467 3549 591 3629 publica
606 3559 718 3613 ait-tu
734 3575 796 3614 nou
811 3559 839 3612 is
855 3571 888 3612 es
909 3575 993 3632 quem
1008 3561 1141 3616 exterior
1153 3559 1264 3636 figura
1290 3563 1448 3636 designat,
1471 3557 1531 3616 sed

413 3655 494 3773 papir:
509 3643 756 3796 fpisssqucp'sxest
771 3641 915 3718 quisque.
932 3637 1104 3698 Ciceronem
1114 3638 1247 3700 imitatur
1257 3645 1347 3706 ctiam
1355 3638 1528 3704 tacianum

487 3735 541 3793 pr.
590 3739 681 3777 .ca.
723 3741 764 3778 rx.

408 3867 512 3936 *bium
525 3870 567 3936 ad
581 3866 978 3936 somn.ll.11.Isnunc'
1041 3867 1095 3962 (r)
1132 3868 1259 3944 Confer
1323 3877 1527 3948 Ciceronem

416 3961 565 4050 incipere
595 3959 735 4052 fingitur
764 3985 783 4026 a
809 3959 949 4028 Romuli
994 3979 1079 4030 tusc.
1100 3965 1129 4030 I.
1150 3967 1274 4036 23-25.
1293 3967 1381 4037 Sunt
1409 3985 1526 4034 autem
1637 3965 1638 4052 ᾗ

416 4047 511 4120 obitu
527 4075 587 4135 ‚a
607 4075 676 4143 quo
705 4053 749 4122 ad
778 4055 949 4122 somnium
995 4077 1033 4122 ea
1047 4078 1154 4145 ‚quae
1166 4077 1356 4215 sepiuntur
1367 4105 1378 4142 ‚
1389 4059 1432 4128 de
1447 4060 1527 4128 ani-

415 4144 582 4234 Scipionis
601 4159 679 4211 suut
691 4143 769 4211 anni
782 4145 949 4238 quingen·
995 4147 1042 4212 mi
1062 4149 1216 4216 immorta
1233 4153 1312 4220 itate
1331 4180 1349 4222 e
1372 4149 1526 4220 Platonis
1637 4153 1638 4160 '

415 4235 442 4302 ti
461 4235 494 4304 et
513 4239 720 4328 septuaginta
743 4253 834 4344 cresc
861 4259 947 4328 quae
993 4237 1171 4321 Phaedro,
1191 4257 1229 4309 ut
1248 4243 1347 4314 docet
1374 4245 1445 4338 ipse
1465 4247 1527 4315 Ci-

415 4332 568 4396 nondum
607 4344 756 4418 estpars
787 4331 947 4440 nogesimo
995 4353 1073 4400 cero
1085 4348 1169 4424 tuso.
1181 4334 1268 4417 Ina,
1288 4359 1390 4428 quem
1409 4337 1528 4408 locum

416 4423 583 4510 praedicti
600 4419 877 4506 unnimtmdam.
993 4443 1054 4516 ego
1065 4425 1208 4517 posuiin
1220 4429 1416 4506 testimoniis
1427 4435 1524 4509 nufi-
