3262 5662
425 483 510 606 ¹74
753 509 815 570 ns
847 505 908 566 aa
942 502 1174 568 avarica

276 653 309 728 Ρ.
329 655 377 738 93.
413 659 550 750 neque
584 627 872 717 excluderetur
905 631 1109 746 suffragiis
1139 651 1232 733 (ι),
1273 657 1325 716 ne
1363 657 1520 747 super·-
1620 708 1624 719 .

412 769 519 858 burn
554 795 696 881 esset3
730 801 806 857 nec
839 770 996 856 ualeret
1029 772 1186 874 nunu,
1220 802 1272 857 ne
1304 792 1409 856 esset
1438 805 1515 886 pe·
1620 776 1625 795 '

307 883 329 894 ῃ
411 912 678 1002 rieulosum.
719 913 767 996 In
804 943 891 1030 quo
924 914 1047 996 etium
1079 909 1221 996 uerbis
1253 941 1300 997 ac
1332 916 1515 998 nomini·

303 1129 311 1140 ,
409 1057 490 1145 bu's
508 1063 604 1172 ipsis
621 1057 701 1142 suit
718 1056 899 1175 diligens
918 1115 931 1164 ‚
965 1057 1040 1175 qui
1066 1085 1162 1142 etun
1187 1055 1406 1171 locupletis
1428 1055 1514 1142 ad-

412 1199 559 1286 siduos
580 1223 626 1289 (a)
646 1198 890 1313 appellasset
907 1195 961 1282 ab
978 1196 1230 1298 aenedando
1250 1222 1320 1306 <2);
1346 1225 1418 1282 eos
1442 1198 1521 1315 qui

411 1361 593 1426 autnon
616 1340 711 1456 plus
742 1341 862 1424 mille
895 1339 1174 1457 quingentum
1200 1363 1244 1436 (a)
1265 1342 1407 1446 aeris,
1448 1361 1521 1426 aut

411 1469 588 1569 omuino
608 1484 711 1568 nihil
730 1485 772 1567 in
797 1513 921 1568 suum
940 1512 1110 1568 censum
1127 1505 1290 1594 praeter
1309 1503 1433 1597 caput
1455 1503 1519 1568 at-

408 1621 633 1732 tulissent,
664 1627 912 1740 proletarios
938 1626 1175 1710 nominauit
1200 1641 1281 1730 <3);
1317 1647 1365 1710 ut
1389 1627 1517 1712 exiis
1616 1651 1621 1676 t

453 1831 502 1906 (a)
525 1837 569 1893 lta
589 1833 653 1892 cod.
665 1827 816 1891 Charisius
833 1843 929 1890 autern
939 1852 969 1908 p.
982 1825 1029 1889 58:
1043 1830 1324 1912 adsiduusquidam
1333 1854 1388 1912 per
1404 1831 1427 1890 d
1443 1833 1519 1892 seri-

412 1913 487 1976 bunt
497 1957 506 1984 ‚
524 1907 613 1999 quusi
629 1924 671 1976 sit
686 1938 706 1976 n
732 1919 858 1976 sedendo
866 1920 1058 1990 figuti-atum,
1081 1915 1135 1974 sed
1150 1929 1254 1976 ernam
1272 1930 1327 1975 etc.
1347 1920 1424 1974 Tum
1442 1916 1521 1974 Vin·

411 2000 469 2056 dex
485 2019 515 2074 p.
526 2001 604 2058 2318
625 2001 734 2058 diserte
750 2001 833 2058 iubet
847 1999 977 2058 scribere
987 2021 1041 2077 per
1052 1997 1111 2056 duo
1123 2021 1154 2057 ss
1163 1999 1308 2059 assidunt
1320 2043 1327 2054 .
1352 2003 1428 2058 Tum
1437 1997 1520 2056 idem

376 2079 578 2168 ‘Charisiuae
590 2090 644 2163 qui
653 2103 736 2143 asses
752 2085 866 2142 dabant
880 2085 999 2142 assidui
1017 2085 1092 2142 dicti
1109 2096 1197 2140 sunt.
1225 2083 1335 2140 Confer
1352 2095 1382 2140 et
1392 2081 1520 2142 Paulum

410 2160 443 2218 in
460 2161 519 2222 hae
533 2185 623 2224 uoce.
647 2169 692 2239 (b)
714 2166 788 2226 Cnd.
812 2189 836 2224 t.
849 2187 937 2223 manu
951 2180 1083 2248 centum
1105 2187 1173 2224 mox
1189 2165 1309 2226 uidetur
1323 2161 1522 2248 superaddite

410 2251 462 2320 D,
485 2248 518 2307 id
535 2250 706 2309 eatdactum
723 2257 931 2330 quingentum.

410 2431 457 2498 11.
496 2429 608 2500 elassis
760 2446 848 2502 cent.
898 2459 940 2505 20
987 2432 1078 2504 sibus
1098 2453 1229 2504 tuntum
1260 2460 1388 2505 sumere
1406 2435 1522 2509 donec

496 2523 630 2591 fabrum
760 2545 844 2592 cent.
921 2553 939 2594 n
988 2531 1160 2594 centuriae
1187 2555 1231 2622 97
1255 2531 1519 2617 ,conspirarenh

410 2609 475 2678 ΙΙΙ.
496 2611 607 2682 classis
759 2635 846 2683 cent.
897 2643 939 2686 20
989 2623 1089 2704 Quod
1109 2622 1136 2686 si
1154 2619 1240 2688 forte
1266 2623 1434 2711 utrimque
1452 2647 1520 2712 par

411 2705 472 2772 IV.
499 2704 611 2782 classis
760 2725 846 2774 cent.
897 2735 940 2777 20
987 2735 1170 2791 numerus,
1201 2737 1321 2801 nempe
1340 2715 1387 2805 96
1405 2718 1520 2781 consi·

497 2799 688 2865 tubicinum
710 2813 745 2865 et
985 2819 1135 2878 sterent:
1155 2801 1342 2872 addebatur
1361 2804 1519 2873 alterutri

499 2892 711 2958 cornicinum
757 2907 846 2959 cent.
918 2920 937 2962 2
986 2897 1074 2983 parti
1094 2893 1206 2962 elassis
1219 2893 1339 2962 ultima
1351 2899 1423 2962 siue
1444 2921 1519 2965 sex·

409 2973 452 3043 V.
497 2979 610 3049 elassis
757 3000 846 3050 cent.
895 2985 938 3054 30
986 3003 1041 3066 ta,
1061 3007 1147 3076 quae
1160 2985 1292 3054 lennem
1310 2987 1518 3056 inclinabat.

409 3069 472 3136 vl.
498 3071 611 3140 classis
653 3117 657 3125 -
759 3092 845 3142 cent.
922 3103 933 3145 ι
995 3165 997 3170 Ι
1033 3077 1086 3169 (1)
1106 3081 1284 3147 'Ciceronis
1309 3077 1520 3152 locutionem

767 3198 945 3224 ---·-
989 3171 1141 3236 imitatur
1161 3171 1280 3238 Liuius
1292 3175 1319 3238 Ι.
1332 3172 1374 3257 43
1389 3175 1431 3240 de
1450 3173 1518 3240 hae
1615 3222 1619 3233 ·

895 3265 938 3348 95
987 3265 1056 3350 ipsa
1068 3286 1104 3328 re
1114 3261 1256 3353 loquens
1275 3285 1383 3358 neque
1396 3267 1522 3334 ποία·

410 3337 438 3407 I.
494 3339 606 3412 elassis
762 3365 849 3418 cent.
896 3358 941 3420 80
987 3379 1043 3420 sus
1061 3357 1521 3450 qut'sqrcamszfflagiouide-
1613 3390 1621 3419 ι

495 3437 650 3525 equitum
761 3457 848 3503 cent.
901 3447 940 3510 18
987 3462 1099 3512 retur.
1621 3465 1622 3476 ¹

768 3556 941 3585 --·-·
1034 3533 1087 3626 (2)
1114 3533 1240 3602 Confer
1265 3536 1338 3605 Cic.
1361 3547 1522 3635 top.11;
1622 3585 1623 3592 ¹

451 3697 458 3712 ⁸
877 3616 939 3706 193
988 3621 1518 3712 Gellxvr.ros‚1xlx·8;Plant.

406 3691 518 3785 igitur
527 3695 676 3789 quinque
686 3698 840 3791 priorum
854 3703 941 3775 clas⁴
988 3715 1100 3806 amph.
1123 3721 1150 3784 Ι.
1176 3743 1202 3783 ι.
1221 3714 1272 3803 14.

387 3787 496 3852 'sium
515 3793 684 3860 centuriae
708 3793 939 3890 suerunt192‚
1034 3805 1087 3902 (3)
1130 3803 1331 3882 Accuratius
1390 3816 1519 3890 Paulus

408 3901 555 3968 quarum
588 3883 724 3952 dimidia
763 3912 838 3976 pars
869 3897 940 3984 96:
985 3901 1075 3987 apud
1096 3901 1187 3970 Gell.
1209 3923 1293 3971 xvh
1318 3917 1462 4004 10‘3qui
1478 3917 1519 3979 in

408 3973 680 4079 quamobremad
691 3978 870 4052 obtinenda
881 4009 940 4054 cu·
980 3993 1084 4084 plebe
1109 4019 1254 4064 romana
1278 4021 1349 4070 non
1371 4003 1520 4095 amphus

407 4067 502 4130 matia
516 4088 600 4156 opus
619 4085 691 4136 erat
709 4077 868 4142 centuriis
880 4103 937 4170 97·
984 4107 1084 4175 quam
1103 4089 1198 4156 mille
1216 4092 1433 4184 quingentum
1451 4119 1520 4164 ae·
1629 4137 1630 4144 ¹

408 4153 529 4246 Itaque
547 4161 576 4224 si
594 4163 703 4250 prima
728 4162 839 4233 classis
859 4193 939 4237 cen·-
983 4181 1033 4244 ria
1055 4186 1092 4246 in
1116 4203 1253 4248 censum
1275 4185 1516 4274 deffendant,

409 4251 579 4317 turiurum
607 4257 651 4344 98
684 4258 939 4346 conspirasset,
981 4271 1167 4360 proletarii
1176 4273 1345 4366 appellati
1354 4295 1444 4344 sunt:
1457 4286 1517 4372 qui

409 4361 462 4406 res
498 4359 568 4412 erat
605 4346 776 4416 consectae
813 4351 942 4444 alioqui
986 4363 1079 4431 nullo
1103 4405 1113 4446 ‚
1136 4383 1197 4433 aut
1216 4389 1381 4459 perquam
1401 4395 1516 4462 paruo

410 4437 843 4534 oportebatesequentibus
856 4445 942 4519 clas·
985 4477 1068 4527 aere
1104 4457 1331 4532 censebantun
1366 4469 1516 4554 ‚eapite
