3262 5662
492 503 516 562 t
544 501 558 558 1
584 502 606 558 s
633 502 662 560 n
682 503 710 560 a
744 501 793 560 11.
1058 470 1069 494 ‘
1103 474 1184 591 375

48 715 52 720 p
93 618 210 736 quasi
234 616 403 731 proles,
435 614 480 702 id
503 637 565 702 est
587 620 707 734 quasi
731 615 951 733 progenies
977 618 1157 712 ciuitatis
1181 619 1187 730 1

93 765 295 878 expectari
318 761 558 850 uideretur.
593 764 766 848 Illarum
791 783 928 848 autem
952 795 1022 850 sex
1046 785 1087 852 et
1110 795 1192 855 no·
1221 763 1254 822 P·
1275 763 1325 836 9⁴·

91 907 259 1022 naginta
285 909 564 998 centuriarum
588 907 633 989 in
655 937 738 990 una
763 909 945 992 centuria
976 929 1069 992 tum
1093 911 1191 1030 qui-

96 1045 352 1162 ‹lemplures
371 1047 643 1134 censebantur
661 1108 674 1155 ,
709 1080 836 1166 quam
854 1080 985 1164 paene
1003 1053 1046 1137 in
1061 1025 1195 1166 prima

94 1186 393 1284 dassetou<1>
414 1252 425 1271 .
458 1189 518 1272 Ita
543 1219 619 1274 nec
642 1187 944 1304 prohibebatur
967 1195 1193 1310 quisquam

90 1329 184 1412 iure
210 1330 466 1446 suffragii.<2>
487 1361 497 1414 ε
522 1351 562 1414 et
585 1333 620 1414 is
644 1349 691 1418 (a)
719 1327 883 1416 ualebat
910 1349 954 1421 (b)
982 1335 1027 1416 in
1051 1339 1197 1428 suffra-

89 1469 159 1584 gio
183 1467 452 1580 plurimum,
486 1472 605 1596 cuius
629 1469 861 1584 plurimum
891 1472 1087 1564 intererat
1110 1507 1198 1563 esse

88 1611 134 1697 in
159 1611 322 1724 optimo
347 1631 456 1696 statu
480 1613 695 1698 ciuitatem
721 1625 798 1696 (3).
832 1609 949 1720 Quin
975 1617 1098 1702 etiam
1124 1649 1199 1704 ac·-
1309 1604 1319 1618 ⁸

91 1759 255 1861 censis,
289 1756 475 1864 uelatis,
507 1755 774 1862 liticinibus,
809 1760 1089 1850 cornicinibus
1117 1787 1158 1858 (c)
1186 1822 1198 1874 ‚
1231 1719 1419 1882 tiiliiiii}

92 1895 331 2008 proletariis
350 1899 364 2011 ll
389 1962 399 1981 .
426 1963 437 1984 .
462 1963 474 1983 .
500 1963 511 1985 ,
536 1920 582 1994 (4)
1231 1901 1377 1969 quatuor.

133 2074 181 2138 (a)
203 2067 278 2124 cod.
298 2074 359 2126 r'e's.
405 2071 450 2142 (b)
472 2071 517 2126 lta
538 2069 601 2126 cod.
622 2089 649 2126 a.
669 2086 777 2137 manu3
793 2083 822 2128 at
844 2089 868 2128 1.
887 2070 1015 2132 natabit.
1059 2081 1101 2150 (c)
1125 2073 1201 2136 cod.

88 2143 261 2210 liticinibus
267 2178 275 2219 ;
300 2163 363 2208 tum
379 2155 455 2210 littei
473 2151 592 2208 uidetur
611 2151 759 2220 deletum,
773 2167 802 2208 et
820 2167 899 2212 certe
917 2160 1136 2234 superpositum
1159 2173 1203 2218 est

91 2239 225 2290 cornici.
248 2232 320 2291 Mihi
340 2247 496 2314 utrumque
513 2234 692 2294 uocabulum
709 2233 1089 2298 retinendumuidebatur.
1101 2245 1145 2300 De
1162 2241 1204 2301 li·
1231 2303 1232 2310 ,

89 2313 233 2376 ticinibus
251 2317 385 2375 Gellxx.
398 2339 426 2378 2.
1046 2331 1051 2340 '

61 2515 66 2528 ,
90 2458 189 2520 censi
207 2451 421 2520 uocabantur
435 2497 442 2514 .
458 2450 627 2518 Proleta—
675 2473 754 2518 cum
772 2451 874 2519 huius
894 2449 1029 2520 tulliani
1047 2452 1117 2522 loci
1129 2483 1206 2524 sen·

90 2546 222 2614 riorum
242 2544 329 2610 ordo
361 2541 537 2610 honestior
553 2543 627 2608 alt·
675 2545 777 2609 tentia
794 2547 1008 2614 consentiunt
1020 2571 1031 2622 ς
1043 2549 1093 2612 uti
1105 2551 1207 2620 etiam

89 2653 220 2726 quanto
234 2639 514 2702 etr-eetnomine
528 2658 630 2724 quam
676 2633 874 2704 Aristoteles
894 2639 977 2726 reip.
999 2659 1052 2706 ιν.
1081 2665 1132 2708 ra.

90 2732 206 2818 capite
225 2725 405 2794 censorum
409 2731 511 2811 suit.
724 2725 777 2819 (4)
802 2730 842 2794 In
861 2726 983 2795 lacuna
1007 2731 1109 2818 periit
1118 2729 1206 2798 reli-

140 2815 194 2910 (1)
211 2821 299 2904 Quia
310 2819 473 2882 nimirum
486 2820 521 2883 in
534 2819 626 2882 omni
673 2841 741 2908 qua
770 2843 889 2886 census
912 2823 1113 2912 descriptio:
1133 2841 1208 2901 tum

91 2907 349 2999 populo'multo
379 2910 553 2996 pauciores
572 2911 627 2974 di·
673 2909 907 2978 aliaefortasse
924 2915 1209 3007 resaSeruioge·

92 3002 180 3068 nites
199 3018 279 3068 sunt
302 2997 480 3090 egentibus
495 3013 553 3065 aut
571 3015 628 3066 te-
675 3017 767 3080 stae,
788 3017 823 3065 et
840 3004 930 3092 apud
949 3003 1128 3074 historicos
1147 3031 1209 3072 ce-

92 3095 244 3162 namus,
675 3086 846 3165 lebratae3
866 3113 985 3176 nempe
1005 3097 1098 3179 quod
1115 3097 1210 3160 urbis

141 3182 198 3276 (α)
224 3177 313 3247 Nolo
336 3179 394 3245 hic
413 3178 631 3266 praetermis·-
676 3180 807 3242 moenia
826 3180 1105 3270 pomoeriumque
1125 3205 1212 3270 pro·-

93 3293 166 3344 tere
178 3271 272 3340 Festi
290 3269 395 3337 uerba
411 3269 544 3359 :niquis
562 3271 631 3334 sci·
677 3267 814 3350 tulerit,
841 3291 1009 3359 aggerem·
1022 3269 1212 3362 fossamque

91 3369 313 3448 tricacenturia
323 3379 405 3430 esta
415 3359 538 3428 Seruio
551 3359 633 3426 Tut-
678 3360 817 3441 fecerit‚
835 3359 1048 3444 Quirinalem
1056 3363 1224 3443 Vimina-¹

93 3461 142 3527 lio
163 3483 245 3548 rege
274 3459 482 3530 constituta,
508 3457 631 3542 inqua
678 3449 747 3518 lem
765 3468 799 3518 et
822 3449 1039 3542 Esquilinum
1062 3455 1212 3542 incluse-

93 3553 216 3620 liceret
248 3551 283 3615 ei
311 3547 508 3638 suffragium
524 3547 630 3628 ferre
677 3546 749 3625 rit,
769 3545 895 3613 Dianae
906 3547 1025 3614 aedem
1043 3545 1214 3615 celebrem

95 3649 152 3738 qui
170 3666 244 3710 non
263 3639 394 3706 tulisset
411 3643 447 3702 in
466 3659 632 3715 suame—
678 3639 714 3704 in
744 3634 916 3705 Auentino
948 3642 1107 3710 struxerit
1128 3639 1212 3734 (ae-

97 3739 170 3828 quis
186 3737 273 3802 eiuis
296 3728 449 3822 suffiagii
466 3733 539 3794 iure
553 3729 632 3824 pri-
678 3731 756 3796 dem
776 3729 858 3796 item
876 3730 1049 3798 Fortunae
1067 3733 1144 3802 Liu.
1171 3753 1211 3800 x.

98 3846 239 3898 noratur
255 3873 263 3892 ·
679 3819 735 3906 46.
751 3819 764 3910 )
779 3844 833 3888 aes
852 3822 980 3912 primus
990 3845 1214 3893 romanorum

143 3919 196 4010 (3)
223 3919 281 3986 Sic
319 3910 507 3980 Flaminius
550 3907 633 3974 dum
679 3933 799 4002 regum
813 3914 1019 4002 signauerit,
1040 3935 1214 3980 mensuras

94 4022 169 4078 tem
187 4003 436 4078 Thessalorum
459 3995 635 4090 publicam
681 4018 715 4067 et
724 4001 872 4090 pondera
885 4003 1109 4070 constituerit.
1122 4003 1215 4088 Qui-

100 4092 319 4170 constitueret
353 4095 455 4186 (Liu.
490 4107 631 4158 xxxtv.
679 4091 743 4160 bus
767 4094 911 4181 narratis
935 4093 1073 4160 uidetur
1092 4096 1214 4162 Cicero

101 4199 153 4262 61.
167 4191 181 4284 )
194 4217 218 4262 a
232 4215 334 4257 censu
347 4191 503 4256 niaximo
519 4178 633 4275 (male
681 4185 862 4253 instituisse
872 4186 1156 4272 comparationem
1164 4209 1213 4250 ro·

102 4285 138 4350 in
165 4287 243 4352 edd.
263 4275 446 4367 maxime)
465 4292 500 4342 et
521 4298 631 4342 seua·
679 4301 797 4346 manae
810 4279 895 4365 reip.
911 4274 1215 4348 cumlacedaemo·

103 4391 171 4441 tum
188 4393 222 4444 et
240 4371 372 4444 iudices
390 4370 495 4475 legitt
521 4365 634 4432 addit·
680 4371 736 4438 uia
755 4387 789 4439 et
807 4393 886 4439 cum
904 4368 1190 4463 karthaginiensi.

103 4485 170 4562 que
183 4465 249 4537 alia
260 4461 635 4552 silentiumque
1039 4517 1042 4520 .
