<?xml version="1.0" encoding="UTF-8"?>
<!DOCTYPE html PUBLIC "-//W3C//DTD XHTML 1.0 Transitional//EN"
    "http://www.w3.org/TR/xhtml1/DTD/xhtml1-transitional.dtd">
<html xmlns="http://www.w3.org/1999/xhtml" xml:lang="en" lang="en">
 <head>
  <title>
</title>
<meta http-equiv="Content-Type" content="text/html;charset=utf-8" />
  <meta name='ocr-system' content='tesseract 3.04.00' />
  <meta name='ocr-capabilities' content='ocr_page ocr_carea ocr_par ocr_line ocrx_word'/>
</head>
<body>
  <div class='ocr_page' id='page_1' title='image "./mtulliciceronis00maigoog/mtulliciceronis00maigoog_0385.png"; bbox 0 0 3286 5658; ppageno 0'>
   <div class='ocr_carea' id='block_1_1' title="bbox 319 457 1546 2528">
    <p class='ocr_par' dir='ltr' id='par_1_1' title="bbox 401 457 1426 574">
     <span class='ocr_line' id='line_1_1' title="bbox 401 457 1426 574; baseline 0.002 -30"><span class='ocrx_word' id='word_1_1' title='bbox 401 457 520 548; x_wconf 46' lang='lat'><strong>1316</strong></span> <span class='ocrx_word' id='word_1_2' title='bbox 765 483 839 548; x_wconf 79' lang='lat' dir='ltr'><strong>nn·</strong></span> <span class='ocrx_word' id='word_1_3' title='bbox 860 485 921 546; x_wconf 76' lang='lat' dir='ltr'><strong>res</strong></span> <span class='ocrx_word' id='word_1_4' title='bbox 955 484 1183 548; x_wconf 72' lang='lat' dir='ltr'><strong>rvnuron</strong></span> <span class='ocrx_word' id='word_1_5' title='bbox 1424 564 1426 574; x_wconf 19' lang='lat' dir='ltr'>y</span> 
     </span>
    </p>

    <p class='ocr_par' dir='ltr' id='par_1_2' title="bbox 331 591 1543 822">
     <span class='ocr_line' id='line_1_2' title="bbox 331 591 1543 702; baseline 0 -28"><span class='ocrx_word' id='word_1_6' title='bbox 331 619 335 646; x_wconf 69' lang='lat'>²</span> <span class='ocrx_word' id='word_1_7' title='bbox 358 591 366 605; x_wconf 75' lang='grc'><em>’</em></span> <span class='ocrx_word' id='word_1_8' title='bbox 425 601 604 702; x_wconf 86' lang='lat' dir='ltr'><strong>uobisque</strong></span> <span class='ocrx_word' id='word_1_9' title='bbox 627 597 756 701; x_wconf 82' lang='lat' dir='ltr'>reliqui</span> <span class='ocrx_word' id='word_1_10' title='bbox 783 599 950 694; x_wconf 83' lang='lat' dir='ltr'><strong>caelites,</strong></span> <span class='ocrx_word' id='word_1_11' title='bbox 980 598 1083 700; x_wconf 89' lang='lat' dir='ltr'><strong>quod</strong></span> <span class='ocrx_word' id='word_1_12' title='bbox 1094 613 1177 673; x_wconf 80' lang='lat' dir='ltr'><strong>ante</strong></span> <span class='ocrx_word' id='word_1_13' title='bbox 1192 623 1307 700; x_wconf 74' lang='lat' dir='ltr'><strong>quam</strong></span> <span class='ocrx_word' id='word_1_14' title='bbox 1332 623 1375 676; x_wconf 82' lang='lat' dir='ltr'><strong>ex</strong></span> <span class='ocrx_word' id='word_1_15' title='bbox 1390 597 1464 676; x_wconf 80' lang='lat' dir='ltr'><strong>hoc</strong></span> <span class='ocrx_word' id='word_1_16' title='bbox 1480 597 1543 674; x_wconf 84' lang='lat' dir='ltr'><strong>ui&#39;-</strong></span> 
     </span>
     <span class='ocr_line' id='line_1_3' title="bbox 426 720 1541 822; baseline -0.003 -25"><span class='ocrx_word' id='word_1_17' title='bbox 426 740 460 797; x_wconf 79' lang='lat' dir='ltr'><strong>ta</strong></span> <span class='ocrx_word' id='word_1_18' title='bbox 475 727 593 822; x_wconf 77' lang='lat' dir='ltr'><strong>migro</strong></span> <span class='ocrx_word' id='word_1_19' title='bbox 608 776 619 817; x_wconf 74' lang='lat'><em>‚</em></span> <span class='ocrx_word' id='word_1_20' title='bbox 639 723 831 822; x_wconf 77' lang='lat' dir='ltr'>conspicio</span> <span class='ocrx_word' id='word_1_21' title='bbox 847 723 884 796; x_wconf 92' lang='lat' dir='ltr'><strong>in</strong></span> <span class='ocrx_word' id='word_1_22' title='bbox 899 735 984 794; x_wconf 79' lang='lat' dir='ltr'><strong>nmo</strong></span> <span class='ocrx_word' id='word_1_23' title='bbox 998 745 1109 818; x_wconf 80' lang='lat' dir='ltr'><strong>regno</strong></span> <span class='ocrx_word' id='word_1_24' title='bbox 1126 720 1235 796; x_wconf 86' lang='lat' dir='ltr'><strong>ethis</strong></span> <span class='ocrx_word' id='word_1_25' title='bbox 1250 722 1355 794; x_wconf 86' lang='lat' dir='ltr'><strong>tectis</strong></span> <span class='ocrx_word' id='word_1_26' title='bbox 1372 722 1427 792; x_wconf 93' lang='lat' dir='ltr'><strong>·P·</strong></span> <span class='ocrx_word' id='word_1_27' title='bbox 1441 724 1541 794; x_wconf 87' lang='lat' dir='ltr'><strong>Gor-</strong></span> 
     </span>
    </p>

    <p class='ocr_par' dir='ltr' id='par_1_3' title="bbox 319 843 1539 1536">
     <span class='ocr_line' id='line_1_4' title="bbox 357 843 1538 946; baseline -0.002 -28"><span class='ocrx_word' id='word_1_28' title='bbox 357 879 360 891; x_wconf 52' lang='lat'><em>*</em></span> <span class='ocrx_word' id='word_1_29' title='bbox 424 847 561 920; x_wconf 89' lang='lat' dir='ltr'><strong>nelium</strong></span> <span class='ocrx_word' id='word_1_30' title='bbox 589 847 834 946; x_wconf 48' lang='lat' dir='ltr'><strong>seguiorem,</strong></span> <span class='ocrx_word' id='word_1_31' title='bbox 865 845 967 916; x_wconf 89' lang='lat' dir='ltr'><strong>cuius</strong></span> <span class='ocrx_word' id='word_1_32' title='bbox 993 867 1059 940; x_wconf 83' lang='lat' dir='ltr'><strong>ego</strong></span> <span class='ocrx_word' id='word_1_33' title='bbox 1083 843 1233 918; x_wconf 85' lang='lat' dir='ltr'><strong>nomine</strong></span> <span class='ocrx_word' id='word_1_34' title='bbox 1251 845 1334 944; x_wconf 91' lang='lat' dir='ltr'><strong>ipso</strong></span> <span class='ocrx_word' id='word_1_35' title='bbox 1366 851 1538 920; x_wconf 79' lang='lat' dir='ltr'><strong>recreor:</strong></span> 
     </span>
     <span class='ocr_line' id='line_1_5' title="bbox 319 963 1539 1074; baseline -0.003 -32"><span class='ocrx_word' id='word_1_36' title='bbox 319 1015 323 1022; x_wconf 94' lang='lat'><em>·</em></span> <span class='ocrx_word' id='word_1_37' title='bbox 422 971 473 1044; x_wconf 79' lang='lat' dir='ltr'><strong>ita</strong></span> <span class='ocrx_word' id='word_1_38' title='bbox 495 997 699 1071; x_wconf 79' lang='lat' dir='ltr'><strong>numquam</strong></span> <span class='ocrx_word' id='word_1_39' title='bbox 717 995 764 1042; x_wconf 78' lang='lat' dir='ltr'><strong>ex</strong></span> <span class='ocrx_word' id='word_1_40' title='bbox 786 967 911 1042; x_wconf 83' lang='lat' dir='ltr'><strong>animo</strong></span> <span class='ocrx_word' id='word_1_41' title='bbox 930 993 1014 1074; x_wconf 73' lang='lat' dir='ltr'><strong>meo</strong></span> <span class='ocrx_word' id='word_1_42' title='bbox 1039 963 1195 1040; x_wconf 84' lang='lat' dir='ltr'><strong>discedit</strong></span> <span class='ocrx_word' id='word_1_43' title='bbox 1218 971 1264 1036; x_wconf 84' lang='lat' dir='ltr'><strong>(a)</strong></span> <span class='ocrx_word' id='word_1_44' title='bbox 1281 967 1380 1041; x_wconf 85' lang='lat' dir='ltr'><strong>illius</strong></span> <span class='ocrx_word' id='word_1_45' title='bbox 1399 967 1539 1067; x_wconf 82' lang='lat' dir='ltr'><strong>optimi</strong></span> 
     </span>
     <span class='ocr_line' id='line_1_6' title="bbox 421 1077 1539 1193; baseline -0.007 -25"><span class='ocrx_word' id='word_1_46' title='bbox 421 1108 530 1193; x_wconf 80' lang='lat' dir='ltr'><strong>atque</strong></span> <span class='ocrx_word' id='word_1_47' title='bbox 542 1089 776 1176; x_wconf 45' lang='lat' dir='ltr'><strong>*inuictissimi</strong></span> <span class='ocrx_word' id='word_1_48' title='bbox 802 1089 873 1162; x_wconf 82' lang='lat' dir='ltr'><strong>uiri</strong></span> <span class='ocrx_word' id='word_1_49' title='bbox 892 1077 1095 1163; x_wconf 84' lang='lat' dir='ltr'><strong>memoria.</strong></span> <span class='ocrx_word' id='word_1_50' title='bbox 1126 1086 1264 1162; x_wconf 85' lang='lat' dir='ltr'>Deinde</span> <span class='ocrx_word' id='word_1_51' title='bbox 1280 1115 1346 1187; x_wconf 82' lang='lat' dir='ltr'><strong>ego</strong></span> <span class='ocrx_word' id='word_1_52' title='bbox 1363 1087 1470 1162; x_wconf 90' lang='lat' dir='ltr'><strong>ill&#39;um</strong></span> <span class='ocrx_word' id='word_1_53' title='bbox 1486 1088 1539 1160; x_wconf 86' lang='lat' dir='ltr'><strong>dc</strong></span> 
     </span>
     <span class='ocr_line' id='line_1_7' title="bbox 423 1205 1539 1320; baseline -0.002 -38"><span class='ocrx_word' id='word_1_54' title='bbox 423 1236 489 1286; x_wconf 90' lang='lat' dir='ltr'><strong>suo</strong></span> <span class='ocrx_word' id='word_1_55' title='bbox 514 1235 652 1320; x_wconf 74' lang='lat' dir='ltr'><strong>regno,</strong></span> <span class='ocrx_word' id='word_1_56' title='bbox 681 1206 744 1284; x_wconf 89' lang='lat' dir='ltr'><strong>ille</strong></span> <span class='ocrx_word' id='word_1_57' title='bbox 771 1235 832 1280; x_wconf 87' lang='lat' dir='ltr'><strong>me</strong></span> <span class='ocrx_word' id='word_1_58' title='bbox 848 1205 893 1278; x_wconf 89' lang='lat' dir='ltr'><strong>de</strong></span> <span class='ocrx_word' id='word_1_59' title='bbox 920 1219 1103 1290; x_wconf 76' lang='lat' dir='ltr'><strong>nostrore</strong></span> <span class='ocrx_word' id='word_1_60' title='bbox 1123 1205 1272 1308; x_wconf 85' lang='lat' dir='ltr'><strong>publica</strong></span> <span class='ocrx_word' id='word_1_61' title='bbox 1297 1221 1539 1314; x_wconf 77' lang='lat' dir='ltr'><strong>percontatus</strong></span> 
     </span>
     <span class='ocr_line' id='line_1_8' title="bbox 420 1325 1537 1432; baseline -0.003 -28"><span class='ocrx_word' id='word_1_62' title='bbox 420 1347 475 1406; x_wconf 84' lang='lat' dir='ltr'><strong>est</strong></span> <span class='ocrx_word' id='word_1_63' title='bbox 490 1365 500 1403; x_wconf 80' lang='grc' dir='ltr'>ι</span> <span class='ocrx_word' id='word_1_64' title='bbox 517 1331 716 1432; x_wconf 87' lang='lat' dir='ltr'><strong>multisque</strong></span> <span class='ocrx_word' id='word_1_65' title='bbox 739 1327 862 1402; x_wconf 85' lang='lat' dir='ltr'><strong>uerbis</strong></span> <span class='ocrx_word' id='word_1_66' title='bbox 880 1326 979 1402; x_wconf 92' lang='lat' dir='ltr'><strong>ultro</strong></span> <span class='ocrx_word' id='word_1_67' title='bbox 1001 1328 1165 1428; x_wconf 90' lang='lat' dir='ltr'><strong>citroque</strong></span> <span class='ocrx_word' id='word_1_68' title='bbox 1183 1325 1319 1402; x_wconf 82' lang='lat' dir='ltr'><strong>habitis</strong></span> <span class='ocrx_word' id='word_1_69' title='bbox 1338 1384 1352 1424; x_wconf 83' lang='lat'><strong>‚</strong></span> <span class='ocrx_word' id='word_1_70' title='bbox 1378 1326 1440 1401; x_wconf 86' lang='lat' dir='ltr'><strong>illc</strong></span> <span class='ocrx_word' id='word_1_71' title='bbox 1459 1353 1537 1401; x_wconf 88' lang='lat' dir='ltr'><strong>no·</strong></span> 
     </span>
     <span class='ocr_line' id='line_1_9' title="bbox 421 1449 1117 1536; baseline -0.014 -7"><span class='ocrx_word' id='word_1_72' title='bbox 421 1455 479 1532; x_wconf 91' lang='lat' dir='ltr'><strong>bis</strong></span> <span class='ocrx_word' id='word_1_73' title='bbox 509 1466 725 1529; x_wconf 81' lang='lat' dir='ltr'><strong>consumtus</strong></span> <span class='ocrx_word' id='word_1_74' title='bbox 752 1463 807 1524; x_wconf 90' lang='lat' dir='ltr'><strong>est</strong></span> <span class='ocrx_word' id='word_1_75' title='bbox 832 1449 909 1536; x_wconf 85' lang='lat' dir='ltr'><strong>dies</strong></span> <span class='ocrx_word' id='word_1_76' title='bbox 926 1494 948 1522; x_wconf 91' lang='lat'><strong>.·</strong></span> <span class='ocrx_word' id='word_1_77' title='bbox 1112 1521 1117 1532; x_wconf 70' lang='grc'><em>,</em></span> 
     </span>
    </p>

    <p class='ocr_par' dir='ltr' id='par_1_4' title="bbox 419 1571 1546 2528">
     <span class='ocr_line' id='line_1_10' title="bbox 526 1571 1541 1674; baseline -0.005 -22"><span class='ocrx_word' id='word_1_78' title='bbox 526 1578 579 1652; x_wconf 87' lang='lat' dir='ltr'><strong>X.</strong></span> <span class='ocrx_word' id='word_1_79' title='bbox 609 1576 702 1647; x_wconf 86' lang='lat' dir='ltr'>Post</span> <span class='ocrx_word' id='word_1_80' title='bbox 736 1586 858 1647; x_wconf 81' lang='lat' dir='ltr'><strong>autem</strong></span> <span class='ocrx_word' id='word_1_81' title='bbox 902 1571 1000 1668; x_wconf 84' lang='lat' dir='ltr'><strong>regio</strong></span> <span class='ocrx_word' id='word_1_82' title='bbox 1024 1587 1202 1673; x_wconf 75' lang='lat' dir='ltr'><strong>apparatu</strong></span> <span class='ocrx_word' id='word_1_83' title='bbox 1230 1573 1374 1674; x_wconf 86' lang='lat' dir='ltr'><strong>accepti</strong></span> <span class='ocrx_word' id='word_1_84' title='bbox 1402 1573 1430 1615; x_wconf 89' lang='lat'><strong>“</strong></span> <span class='ocrx_word' id='word_1_85' title='bbox 1453 1597 1541 1648; x_wconf 88' lang='lat' dir='ltr'><strong>ser-</strong></span> 
     </span>
     <span class='ocr_line' id='line_1_11' title="bbox 423 1668 1542 1794; baseline 0 -26"><span class='ocrx_word' id='word_1_86' title='bbox 423 1718 576 1771; x_wconf 83' lang='lat' dir='ltr'><strong>monem</strong></span> <span class='ocrx_word' id='word_1_87' title='bbox 603 1695 642 1768; x_wconf 87' lang='lat' dir='ltr'><strong>in</strong></span> <span class='ocrx_word' id='word_1_88' title='bbox 683 1693 843 1772; x_wconf 86' lang='lat' dir='ltr'><strong>muitum</strong></span> <span class='ocrx_word' id='word_1_89' title='bbox 874 1707 1022 1766; x_wconf 79' lang='lat' dir='ltr'><strong>noctem</strong></span> <span class='ocrx_word' id='word_1_90' title='bbox 1050 1668 1297 1794; x_wconf 75' lang='lat' dir='ltr'><strong>produximus</strong></span> <span class='ocrx_word' id='word_1_91' title='bbox 1326 1701 1372 1768; x_wconf 90' lang='lat'><strong>(¹)</strong></span> <span class='ocrx_word' id='word_1_92' title='bbox 1386 1743 1417 1790; x_wconf 48' lang='lat'><strong>„1</strong></span> <span class='ocrx_word' id='word_1_93' title='bbox 1446 1721 1542 1768; x_wconf 87' lang='lat' dir='ltr'><strong>cum</strong></span> 
     </span>
     <span class='ocr_line' id='line_1_12' title="bbox 421 1812 1543 1918; baseline -0.001 -29"><span class='ocrx_word' id='word_1_94' title='bbox 421 1840 546 1892; x_wconf 75' lang='lat' dir='ltr'><strong>senex·</strong></span> <span class='ocrx_word' id='word_1_95' title='bbox 562 1813 652 1888; x_wconf 83' lang='lat' dir='ltr'><strong>nihil</strong></span> <span class='ocrx_word' id='word_1_96' title='bbox 680 1815 749 1888; x_wconf 84' lang='lat' dir='ltr'><strong>nisi</strong></span> <span class='ocrx_word' id='word_1_97' title='bbox 780 1813 827 1888; x_wconf 86' lang='lat' dir='ltr'><strong>de</strong></span> <span class='ocrx_word' id='word_1_98' title='bbox 861 1812 1035 1888; x_wconf 76' lang='lat' dir='ltr'><strong>Africano</strong></span> <span class='ocrx_word' id='word_1_99' title='bbox 1069 1813 1306 1916; x_wconf 80' lang='lat' dir='ltr'><strong>loqueretur,</strong></span> <span class='ocrx_word' id='word_1_100' title='bbox 1338 1819 1543 1918; x_wconf 80' lang='lat' dir='ltr'><strong>omniaque</strong></span> 
     </span>
     <span class='ocr_line' id='line_1_13' title="bbox 421 1933 1545 2028; baseline -0.004 -16"><span class='ocrx_word' id='word_1_101' title='bbox 421 1936 495 2014; x_wconf 88' lang='lat' dir='ltr'><strong>eius</strong></span> <span class='ocrx_word' id='word_1_102' title='bbox 517 1963 599 2012; x_wconf 63' lang='lat' dir='ltr'><strong>,non</strong></span> <span class='ocrx_word' id='word_1_103' title='bbox 629 1937 726 2013; x_wconf 83' lang='lat' dir='ltr'><strong>iectu</strong></span> <span class='ocrx_word' id='word_1_104' title='bbox 753 1935 903 2028; x_wconf 79' lang='lat' dir='ltr'><strong>solnm,</strong></span> <span class='ocrx_word' id='word_1_105' title='bbox 931 1933 1133 2024; x_wconf 80' lang='lat' dir='ltr'><strong>sedetiam</strong></span> <span class='ocrx_word' id='word_1_106' title='bbox 1167 1934 1265 2010; x_wconf 74' lang='lat' dir='ltr'><strong>dicta</strong></span> <span class='ocrx_word' id='word_1_107' title='bbox 1287 1938 1545 2014; x_wconf 86' lang='lat' dir='ltr'><strong>meminisset.</strong></span> 
     </span>
     <span class='ocr_line' id='line_1_14' title="bbox 419 2055 1542 2154; baseline -0.005 -20"><span class='ocrx_word' id='word_1_108' title='bbox 419 2058 593 2154; x_wconf 75' lang='lat' dir='ltr'><strong>Deinde,</strong></span> <span class='ocrx_word' id='word_1_109' title='bbox 621 2073 663 2132; x_wconf 89' lang='lat' dir='ltr'><strong>ut</strong></span> <span class='ocrx_word' id='word_1_110' title='bbox 691 2058 859 2134; x_wconf 89' lang='lat' dir='ltr'><strong>cubitum</strong></span> <span class='ocrx_word' id='word_1_111' title='bbox 880 2055 1143 2154; x_wconf 77' lang='lat' dir='ltr'><strong>discessimus,</strong></span> <span class='ocrx_word' id='word_1_112' title='bbox 1169 2085 1229 2132; x_wconf 89' lang='lat' dir='ltr'><strong>me</strong></span> <span class='ocrx_word' id='word_1_113' title='bbox 1261 2074 1300 2134; x_wconf 90' lang='lat' dir='ltr'><strong>et</strong></span> <span class='ocrx_word' id='word_1_114' title='bbox 1325 2061 1460 2134; x_wconf 83' lang='lat' dir='ltr'><strong>fessum</strong></span> <span class='ocrx_word' id='word_1_115' title='bbox 1484 2058 1542 2129; x_wconf 73' lang='grc' dir='ltr'><strong>(ὃ)</strong></span> 
     </span>
     <span class='ocr_line' id='line_1_15' title="bbox 420 2178 1546 2282; baseline 0.002 -28"><span class='ocrx_word' id='word_1_116' title='bbox 420 2180 467 2254; x_wconf 92' lang='lat' dir='ltr'><strong>de</strong></span> <span class='ocrx_word' id='word_1_117' title='bbox 484 2181 542 2266; x_wconf 83' lang='lat' dir='ltr'><strong>uia</strong></span> <span class='ocrx_word' id='word_1_118' title='bbox 558 2237 569 2276; x_wconf 79' lang='lat'>,</span> <span class='ocrx_word' id='word_1_119' title='bbox 586 2195 624 2254; x_wconf 91' lang='lat' dir='ltr'><strong>et</strong></span> <span class='ocrx_word' id='word_1_120' title='bbox 643 2181 708 2282; x_wconf 92' lang='lat' dir='ltr'><strong>qui</strong></span> <span class='ocrx_word' id='word_1_121' title='bbox 727 2179 775 2254; x_wconf 77' lang='lat' dir='ltr'><strong>ad</strong></span> <span class='ocrx_word' id='word_1_122' title='bbox 789 2178 958 2278; x_wconf 34' lang='lat' dir='ltr'><strong>&#39;multam</strong></span> <span class='ocrx_word' id='word_1_123' title='bbox 984 2193 1135 2254; x_wconf 84' lang='lat' dir='ltr'><strong>noctem</strong></span> <span class='ocrx_word' id='word_1_124' title='bbox 1162 2179 1389 2278; x_wconf 75' lang='lat' dir='ltr'><strong>uigilassem‚</strong></span> <span class='ocrx_word' id='word_1_125' title='bbox 1421 2181 1546 2256; x_wconf 87' lang='lat' dir='ltr'><strong>artior</strong></span> 
     </span>
     <span class='ocr_line' id='line_1_16' title="bbox 420 2301 1546 2406; baseline -0.002 -28"><span class='ocrx_word' id='word_1_126' title='bbox 420 2329 531 2406; x_wconf 85' lang='lat' dir='ltr'><strong>quam</strong></span> <span class='ocrx_word' id='word_1_127' title='bbox 553 2303 696 2378; x_wconf 77' lang='lat' dir='ltr'><strong>solebat</strong></span> <span class='ocrx_word' id='word_1_128' title='bbox 719 2329 868 2378; x_wconf 89' lang='lat' dir='ltr'><strong>somnus</strong></span> <span class='ocrx_word' id='word_1_129' title='bbox 895 2303 1096 2404; x_wconf 84' lang='lat' dir='ltr'><strong>conplexus</strong></span> <span class='ocrx_word' id='word_1_130' title='bbox 1114 2318 1193 2378; x_wconf 86' lang='lat' dir='ltr'><strong>est.</strong></span> <span class='ocrx_word' id='word_1_131' title='bbox 1222 2304 1292 2378; x_wconf 89' lang='lat' dir='ltr'><strong>Hic</strong></span> <span class='ocrx_word' id='word_1_132' title='bbox 1314 2305 1408 2380; x_wconf 87' lang='lat' dir='ltr'><strong>mihi</strong></span> <span class='ocrx_word' id='word_1_133' title='bbox 1427 2301 1546 2402; x_wconf 86' lang='lat' dir='ltr'><strong>(cre-</strong></span> 
     </span>
     <span class='ocr_line' id='line_1_17' title="bbox 421 2423 1545 2528; baseline -0.004 -25"><span class='ocrx_word' id='word_1_134' title='bbox 421 2428 470 2503; x_wconf 84' lang='lat' dir='ltr'><strong>do</strong></span> <span class='ocrx_word' id='word_1_135' title='bbox 493 2427 664 2526; x_wconf 86' lang='lat' dir='ltr'><strong>equidem</strong></span> <span class='ocrx_word' id='word_1_136' title='bbox 686 2456 730 2502; x_wconf 88' lang='lat' dir='ltr'><strong>ex</strong></span> <span class='ocrx_word' id='word_1_137' title='bbox 750 2427 823 2502; x_wconf 91' lang='lat' dir='ltr'><strong>hoc</strong></span> <span class='ocrx_word' id='word_1_138' title='bbox 843 2425 945 2528; x_wconf 91' lang='lat' dir='ltr'><strong>quod</strong></span> <span class='ocrx_word' id='word_1_139' title='bbox 966 2450 1109 2500; x_wconf 83' lang='lat' dir='ltr'><strong>eramus</strong></span> <span class='ocrx_word' id='word_1_140' title='bbox 1121 2423 1257 2528; x_wconf 85' lang='lat' dir='ltr'><strong>locuti:</strong></span> <span class='ocrx_word' id='word_1_141' title='bbox 1279 2427 1320 2498; x_wconf 86' lang='lat' dir='ltr'><strong>fit</strong></span> <span class='ocrx_word' id='word_1_142' title='bbox 1341 2426 1439 2498; x_wconf 89' lang='lat' dir='ltr'><strong>enim</strong></span> <span class='ocrx_word' id='word_1_143' title='bbox 1461 2425 1545 2500; x_wconf 85' lang='lat' dir='ltr'><strong>sere</strong></span> 
     </span>
    </p>
   </div>
   <div class='ocr_carea' id='block_1_2' title="bbox 409 2547 1546 2770">
    <p class='ocr_par' dir='ltr' id='par_1_5' title="bbox 409 2547 1546 2770">
     <span class='ocr_line' id='line_1_18' title="bbox 419 2547 1546 2650; baseline -0.004 -24"><span class='ocrx_word' id='word_1_144' title='bbox 419 2565 460 2626; x_wconf 87' lang='lat' dir='ltr'><strong>ut</strong></span> <span class='ocrx_word' id='word_1_145' title='bbox 489 2551 723 2648; x_wconf 82' lang='lat' dir='ltr'><strong>cogitationes</strong></span> <span class='ocrx_word' id='word_1_146' title='bbox 752 2577 1007 2650; x_wconf 81' lang='lat' dir='ltr'><strong>sermonesque</strong></span> <span class='ocrx_word' id='word_1_147' title='bbox 1023 2551 1138 2624; x_wconf 82' lang='lat' dir='ltr'><strong>nostri</strong></span> <span class='ocrx_word' id='word_1_148' title='bbox 1165 2551 1309 2650; x_wconf 80' lang='lat' dir='ltr'><strong>pariant</strong></span> <span class='ocrx_word' id='word_1_149' title='bbox 1331 2547 1469 2650; x_wconf 82' lang='lat' dir='ltr'><strong>aliquid</strong></span> <span class='ocrx_word' id='word_1_150' title='bbox 1497 2551 1546 2622; x_wconf 90' lang='lat' dir='ltr'><strong>in</strong></span> 
     </span>
     <span class='ocr_line' id='line_1_19' title="bbox 409 2662 1543 2770; baseline -0.005 -22"><span class='ocrx_word' id='word_1_151' title='bbox 409 2662 552 2768; x_wconf 76' lang='lat' dir='ltr'><strong>somno</strong></span> <span class='ocrx_word' id='word_1_152' title='bbox 573 2670 666 2764; x_wconf 75' lang='lat' dir='ltr'><strong>tale,</strong></span> <span class='ocrx_word' id='word_1_153' title='bbox 689 2669 795 2770; x_wconf 82' lang='lat' dir='ltr'><strong>quale</strong></span> <span class='ocrx_word' id='word_1_154' title='bbox 811 2667 857 2742; x_wconf 91' lang='lat' dir='ltr'><strong>de</strong></span> <span class='ocrx_word' id='word_1_155' title='bbox 874 2669 1040 2742; x_wconf 84' lang='lat' dir='ltr'><strong>Homero</strong></span> <span class='ocrx_word' id='word_1_156' title='bbox 1059 2669 1189 2742; x_wconf 88' lang='lat' dir='ltr'><strong>scribit</strong></span> <span class='ocrx_word' id='word_1_157' title='bbox 1202 2669 1342 2742; x_wconf 89' lang='lat' dir='ltr'><strong>Ennius</strong></span> <span class='ocrx_word' id='word_1_158' title='bbox 1362 2725 1373 2764; x_wconf 72' lang='grc'><em>,</em></span> <span class='ocrx_word' id='word_1_159' title='bbox 1394 2667 1543 2770; x_wconf 88' lang='lat' dir='ltr'><strong>dequo</strong></span> 
     </span>
    </p>
   </div>
   <div class='ocr_carea' id='block_1_3' title="bbox 375 2789 1544 3012">
    <p class='ocr_par' dir='ltr' id='par_1_6' title="bbox 375 2789 1544 3012">
     <span class='ocr_line' id='line_1_20' title="bbox 375 2789 1544 2930; baseline -0.004 -61"><span class='ocrx_word' id='word_1_160' title='bbox 375 2831 376 2834; x_wconf 40' lang='lat'>¹</span> <span class='ocrx_word' id='word_1_161' title='bbox 419 2794 589 2869; x_wconf 79' lang='lat' dir='ltr'><strong>uidelicet</strong></span> <span class='ocrx_word' id='word_1_162' title='bbox 607 2793 814 2904; x_wconf 79' lang='lat' dir='ltr'><strong>saepissime</strong></span> <span class='ocrx_word' id='word_1_163' title='bbox 831 2790 983 2890; x_wconf 84' lang='lat' dir='ltr'><strong>uigilans</strong></span> <span class='ocrx_word' id='word_1_164' title='bbox 1007 2789 1150 2866; x_wconf 82' lang='lat' dir='ltr'><strong>&#39;solebat</strong></span> <span class='ocrx_word' id='word_1_165' title='bbox 1169 2791 1326 2890; x_wconf 81' lang='lat' dir='ltr'><strong>cogitare</strong></span> <span class='ocrx_word' id='word_1_166' title='bbox 1349 2806 1387 2864; x_wconf 91' lang='lat' dir='ltr'><strong>et</strong></span> <span class='ocrx_word' id='word_1_167' title='bbox 1404 2789 1544 2930; x_wconf 80' lang='lat' dir='ltr'><strong>loqui)</strong></span> 
     </span>
     <span class='ocr_line' id='line_1_21' title="bbox 418 2909 1540 3012; baseline -0.001 -26"><span class='ocrx_word' id='word_1_168' title='bbox 418 2917 613 2996; x_wconf 78' lang='lat' dir='ltr'><strong>Africanus</strong></span> <span class='ocrx_word' id='word_1_169' title='bbox 633 2941 668 2989; x_wconf 91' lang='lat' dir='ltr'><strong>se</strong></span> <span class='ocrx_word' id='word_1_170' title='bbox 689 2912 849 2988; x_wconf 86' lang='lat' dir='ltr'><strong>ostendit</strong></span> <span class='ocrx_word' id='word_1_171' title='bbox 867 2909 926 2983; x_wconf 85' lang='lat' dir='ltr'><strong>ilio</strong></span> <span class='ocrx_word' id='word_1_172' title='bbox 961 2911 1110 3005; x_wconf 82' lang='lat' dir='ltr'><strong>forma,</strong></span> <span class='ocrx_word' id='word_1_173' title='bbox 1139 2909 1341 3012; x_wconf 82' lang='lat' dir='ltr'><strong>quaemihi</strong></span> <span class='ocrx_word' id='word_1_174' title='bbox 1362 2937 1408 2985; x_wconf 82' lang='lat' dir='ltr'><strong>ex</strong></span> <span class='ocrx_word' id='word_1_175' title='bbox 1434 2914 1540 2986; x_wconf 88' lang='lat' dir='ltr'><strong>ima-</strong></span> 
     </span>
    </p>
   </div>
   <div class='ocr_carea' id='block_1_4' title="bbox 419 3035 1545 3142">
    <p class='ocr_par' dir='ltr' id='par_1_7' title="bbox 419 3035 1545 3142">
     <span class='ocr_line' id='line_1_22' title="bbox 419 3035 1545 3142; baseline -0.002 -29"><span class='ocrx_word' id='word_1_176' title='bbox 419 3041 629 3142; x_wconf 72' lang='lat' dir='ltr'><strong>gimeias,</strong></span> <span class='ocrx_word' id='word_1_177' title='bbox 665 3065 777 3139; x_wconf 85' lang='lat' dir='ltr'><strong>quom</strong></span> <span class='ocrx_word' id='word_1_178' title='bbox 802 3065 848 3111; x_wconf 80' lang='lat' dir='ltr'><strong>ex</strong></span> <span class='ocrx_word' id='word_1_179' title='bbox 876 3035 958 3136; x_wconf 87' lang='lat' dir='ltr'><strong>ipso</strong></span> <span class='ocrx_word' id='word_1_180' title='bbox 990 3049 1066 3110; x_wconf 85' lang='lat' dir='ltr'><strong>erat</strong></span> <span class='ocrx_word' id='word_1_181' title='bbox 1094 3035 1277 3108; x_wconf 68' lang='grc' dir='ltr'><strong>ιιοιὶοι(2</strong></span> <span class='ocrx_word' id='word_1_182' title='bbox 1281 3039 1454 3138; x_wconf 86' lang='lat' dir='ltr'><strong>):quem</strong></span> <span class='ocrx_word' id='word_1_183' title='bbox 1492 3054 1545 3112; x_wconf 88' lang='lat' dir='ltr'><strong>ut</strong></span> 
     </span>
    </p>
   </div>
   <div class='ocr_carea' id='block_1_5' title="bbox 417 3193 1542 3536">
    <p class='ocr_par' dir='ltr' id='par_1_8' title="bbox 417 3193 1542 3446">
     <span class='ocr_line' id='line_1_23' title="bbox 426 3193 1540 3274; baseline -0.005 -16.829"><span class='ocrx_word' id='word_1_184' title='bbox 426 3208 508 3271; x_wconf 84' lang='lat' dir='ltr'><em>.a()</em></span> <span class='ocrx_word' id='word_1_185' title='bbox 534 3202 641 3258; x_wconf 80' lang='lat' dir='ltr'><strong>Graeu.</strong></span> <span class='ocrx_word' id='word_1_186' title='bbox 661 3199 831 3268; x_wconf 77' lang='lat' dir='ltr'><strong>descendit,</strong></span> <span class='ocrx_word' id='word_1_187' title='bbox 858 3197 938 3274; x_wconf 87' lang='lat' dir='ltr'><strong>quod</strong></span> <span class='ocrx_word' id='word_1_188' title='bbox 956 3191 1166 3264; x_wconf 77' lang='lat' dir='ltr'><strong>nonreline03</strong></span> <span class='ocrx_word' id='word_1_189' title='bbox 1187 3213 1255 3252; x_wconf 84' lang='lat' dir='ltr'><strong>narn</strong></span> <span class='ocrx_word' id='word_1_190' title='bbox 1275 3207 1303 3251; x_wconf 86' lang='lat' dir='ltr'><strong>et</strong></span> <span class='ocrx_word' id='word_1_191' title='bbox 1322 3193 1437 3254; x_wconf 85' lang='lat' dir='ltr'><strong>codices</strong></span> <span class='ocrx_word' id='word_1_192' title='bbox 1455 3194 1540 3272; x_wconf 84' lang='lat' dir='ltr'><strong>piu-</strong></span> 
     </span>
     <span class='ocr_line' id='line_1_24' title="bbox 417 3273 1542 3354; baseline -0.004 -13"><span class='ocrx_word' id='word_1_193' title='bbox 417 3283 487 3342; x_wconf 74' lang='lat' dir='ltr'><strong>rimi</strong></span> <span class='ocrx_word' id='word_1_194' title='bbox 480 3281 610 3340; x_wconf 81' lang='lat' dir='ltr'><strong>&#39;habent</strong></span> <span class='ocrx_word' id='word_1_195' title='bbox 624 3281 772 3342; x_wconf 53' lang='lat' dir='ltr'><strong>discedit</strong></span> <span class='ocrx_word' id='word_1_196' title='bbox 784 3273 1022 3341; x_wconf 83' lang='lat' dir='ltr'><strong>Ceterumlcctio</strong></span> <span class='ocrx_word' id='word_1_197' title='bbox 1040 3277 1198 3354; x_wconf 76' lang='lat' dir='ltr'><strong>gracuiona</strong></span> <span class='ocrx_word' id='word_1_198' title='bbox 1208 3277 1299 3334; x_wconf 81' lang='lat' dir='ltr'><strong>habet</strong></span> <span class='ocrx_word' id='word_1_199' title='bbox 1310 3277 1542 3354; x_wconf 81' lang='lat' dir='ltr'><strong>quodammodo</strong></span> 
     </span>
     <span class='ocr_line' id='line_1_25' title="bbox 417 3361 1540 3446; baseline -0.004 -22"><span class='ocrx_word' id='word_1_200' title='bbox 417 3365 618 3446; x_wconf 72' lang='lat' dir='ltr'><strong>patrocinium</strong></span> <span class='ocrx_word' id='word_1_201' title='bbox 628 3365 694 3439; x_wconf 85' lang='lat' dir='ltr'><strong>uirg</strong></span> <span class='ocrx_word' id='word_1_202' title='bbox 677 3363 818 3422; x_wconf 73' lang='lat' dir='ltr'><strong>viliorum</strong></span> <span class='ocrx_word' id='word_1_203' title='bbox 828 3383 915 3441; x_wconf 75' lang='lat' dir='ltr'><strong>qttam</strong></span> <span class='ocrx_word' id='word_1_204' title='bbox 927 3373 1029 3421; x_wconf 78' lang='lat' dir='ltr'><strong>nostro</strong></span> <span class='ocrx_word' id='word_1_205' title='bbox 1040 3363 1128 3419; x_wconf 79' lang='lat' dir='ltr'><strong>iliius</strong></span> <span class='ocrx_word' id='word_1_206' title='bbox 1145 3361 1394 3439; x_wconf 76' lang='lat' dir='ltr'><strong>iabaturpectore</strong></span> <span class='ocrx_word' id='word_1_207' title='bbox 1409 3365 1540 3422; x_wconf 73' lang='lat' dir='ltr'><strong>territus,</strong></span> 
     </span>
    </p>

    <p class='ocr_par' dir='ltr' id='par_1_9' title="bbox 426 3443 1039 3536">
     <span class='ocr_line' id='line_1_26' title="bbox 426 3443 1039 3536; baseline -0.009 -29.861"><span class='ocrx_word' id='word_1_208' title='bbox 426 3449 490 3536; x_wconf 37' lang='lat' dir='ltr'>·(l›)</span> <span class='ocrx_word' id='word_1_209' title='bbox 514 3454 638 3507; x_wconf 72' lang='lat' dir='ltr'><strong>Ferrum</strong></span> <span class='ocrx_word' id='word_1_210' title='bbox 657 3447 763 3506; x_wconf 87' lang='lat' dir='ltr'><strong>deest</strong></span> <span class='ocrx_word' id='word_1_211' title='bbox 755 3467 785 3505; x_wconf 89' lang='grc' dir='ltr'><strong>ιιι</strong></span> <span class='ocrx_word' id='word_1_212' title='bbox 804 3447 850 3504; x_wconf 90' lang='lat' dir='ltr'><strong>ed.</strong></span> <span class='ocrx_word' id='word_1_213' title='bbox 861 3443 1039 3524; x_wconf 79' lang='lat' dir='ltr'><strong>grscniana.</strong></span> 
     </span>
    </p>
   </div>
   <div class='ocr_carea' id='block_1_6' title="bbox 415 3577 1545 4408">
    <p class='ocr_par' dir='ltr' id='par_1_10' title="bbox 415 3577 1544 4408">
     <span class='ocr_line' id='line_1_27' title="bbox 418 3577 1544 3672; baseline -0.005 -18"><span class='ocrx_word' id='word_1_214' title='bbox 418 3585 481 3654; x_wconf 88' lang='lat' dir='ltr'><strong>lim</strong></span> <span class='ocrx_word' id='word_1_215' title='bbox 493 3603 605 3652; x_wconf 82' lang='lat' dir='ltr'><strong>tamen</strong></span> <span class='ocrx_word' id='word_1_216' title='bbox 618 3587 754 3651; x_wconf 85' lang='lat' dir='ltr'><strong>credere</strong></span> <span class='ocrx_word' id='word_1_217' title='bbox 773 3603 880 3649; x_wconf 85' lang='lat' dir='ltr'><strong>unum</strong></span> <span class='ocrx_word' id='word_1_218' title='bbox 898 3606 951 3648; x_wconf 86' lang='lat' dir='ltr'><strong>es·</strong></span> <span class='ocrx_word' id='word_1_219' title='bbox 997 3604 1085 3647; x_wconf 76' lang='lat' dir='ltr'><strong>enno</strong></span> <span class='ocrx_word' id='word_1_220' title='bbox 1108 3577 1169 3650; x_wconf 88' lang='lat' dir='ltr'><strong>iilo</strong></span> <span class='ocrx_word' id='word_1_221' title='bbox 1187 3577 1340 3672; x_wconf 81' lang='lat' dir='ltr'><strong>loquitur</strong></span> <span class='ocrx_word' id='word_1_222' title='bbox 1364 3583 1447 3650; x_wconf 84' lang='lat' dir='ltr'><strong>Cato</strong></span> <span class='ocrx_word' id='word_1_223' title='bbox 1467 3604 1544 3648; x_wconf 86' lang='lat' dir='ltr'><strong>co-</strong></span> 
     </span>
     <span class='ocr_line' id='line_1_28' title="bbox 421 3673 1542 3762; baseline -0.004 -17"><span class='ocrx_word' id='word_1_224' title='bbox 421 3703 454 3745; x_wconf 89' lang='lat' dir='ltr'><strong>se</strong></span> <span class='ocrx_word' id='word_1_225' title='bbox 467 3677 656 3744; x_wconf 89' lang='lat' dir='ltr'><strong>secundum</strong></span> <span class='ocrx_word' id='word_1_226' title='bbox 668 3674 965 3762; x_wconf 79' lang='lat' dir='ltr'><strong>tertiumqueud-</strong></span> <span class='ocrx_word' id='word_1_227' title='bbox 997 3697 1071 3738; x_wconf 81' lang='lat' dir='ltr'><strong>rom</strong></span> <span class='ocrx_word' id='word_1_228' title='bbox 1090 3673 1247 3762; x_wconf 88' lang='lat' dir='ltr'><strong>Scipione</strong></span> <span class='ocrx_word' id='word_1_229' title='bbox 1280 3673 1405 3738; x_wconf 87' lang='lat' dir='ltr'><strong>minore</strong></span> <span class='ocrx_word' id='word_1_230' title='bbox 1434 3676 1542 3760; x_wconf 82' lang='lat' dir='ltr'><strong>apud</strong></span> 
     </span>
     <span class='ocr_line' id='line_1_29' title="bbox 418 3763 1540 3845; baseline -0.006 -8"><span class='ocrx_word' id='word_1_231' title='bbox 418 3777 592 3845; x_wconf 63' lang='lat' dir='ltr'><strong>uentum‘r</strong></span> <span class='ocrx_word' id='word_1_232' title='bbox 622 3767 796 3836; x_wconf 84' lang='lat' dir='ltr'><strong>Ciceronis</strong></span> <span class='ocrx_word' id='word_1_233' title='bbox 838 3782 951 3832; x_wconf 82' lang='lat' dir='ltr'><strong>sutem</strong></span> <span class='ocrx_word' id='word_1_234' title='bbox 996 3763 1164 3833; x_wconf 88' lang='lat' dir='ltr'><strong>Tullium</strong></span> <span class='ocrx_word' id='word_1_235' title='bbox 1173 3765 1298 3834; x_wconf 87' lang='lat' dir='ltr'><strong>desen.</strong></span> <span class='ocrx_word' id='word_1_236' title='bbox 1317 3785 1369 3838; x_wconf 73' lang='lat' dir='ltr'><strong>vt:</strong></span> <span class='ocrx_word' id='word_1_237' title='bbox 1389 3781 1540 3830; x_wconf 85' lang='lat' dir='ltr'><strong>coutro-</strong></span> 
     </span>
     <span class='ocr_line' id='line_1_30' title="bbox 417 3857 1537 3952; baseline -0.01 -20"><span class='ocrx_word' id='word_1_238' title='bbox 417 3861 616 3952; x_wconf 84' lang='lat' dir='ltr'><strong>Valeriiqne</strong></span> <span class='ocrx_word' id='word_1_239' title='bbox 635 3861 840 3927; x_wconf 78' lang='lat' dir='ltr'><strong>narrationes</strong></span> <span class='ocrx_word' id='word_1_240' title='bbox 859 3881 949 3948; x_wconf 82' lang='lat' dir='ltr'><strong>pau·</strong></span> <span class='ocrx_word' id='word_1_241' title='bbox 996 3858 1141 3924; x_wconf 85' lang='lat' dir='ltr'><strong>uersinm</strong></span> <span class='ocrx_word' id='word_1_242' title='bbox 1170 3873 1284 3925; x_wconf 77' lang='lat' dir='ltr'><strong>eutem</strong></span> <span class='ocrx_word' id='word_1_243' title='bbox 1313 3872 1424 3922; x_wconf 82' lang='lat' dir='ltr'><strong>uersat</strong></span> <span class='ocrx_word' id='word_1_244' title='bbox 1459 3857 1537 3922; x_wconf 88' lang='lat' dir='ltr'><strong>Pi-</strong></span> 
     </span>
     <span class='ocr_line' id='line_1_31' title="bbox 415 3946 1539 4039; baseline -0.008 -16"><span class='ocrx_word' id='word_1_245' title='bbox 415 3954 531 4023; x_wconf 84' lang='lat' dir='ltr'><strong>iulurn</strong></span> <span class='ocrx_word' id='word_1_246' title='bbox 551 3953 703 4022; x_wconf 81' lang='lat' dir='ltr'><strong>uariare</strong></span> <span class='ocrx_word' id='word_1_247' title='bbox 997 3947 1097 4039; x_wconf 84' lang='lat' dir='ltr'><strong>ghrus</strong></span> <span class='ocrx_word' id='word_1_248' title='bbox 1108 3946 1539 4038; x_wconf 76' lang='lat' dir='ltr'><strong>sdun.u.otxt1n(uorr.</strong></span> 
     </span>
     <span class='ocr_line' id='line_1_32' title="bbox 426 4039 1543 4142; baseline -0.005 -26.824"><span class='ocrx_word' id='word_1_249' title='bbox 426 4045 518 4142; x_wconf 88' lang='grc' dir='ltr'>(ι)</span> <span class='ocrx_word' id='word_1_250' title='bbox 545 4049 679 4114; x_wconf 86' lang='lat' dir='ltr'><strong>Locum</strong></span> <span class='ocrx_word' id='word_1_251' title='bbox 709 4044 790 4108; x_wconf 78' lang='lat' dir='ltr'><strong>citat</strong></span> <span class='ocrx_word' id='word_1_252' title='bbox 819 4042 949 4110; x_wconf 86' lang='lat' dir='ltr'><strong>Fronto</strong></span> <span class='ocrx_word' id='word_1_253' title='bbox 999 4061 1051 4109; x_wconf 82' lang='lat' dir='ltr'><strong>rx</strong></span> <span class='ocrx_word' id='word_1_254' title='bbox 1063 4039 1076 4130; x_wconf 84' lang='lat'><em>)</em></span> <span class='ocrx_word' id='word_1_255' title='bbox 1096 4041 1182 4109; x_wconf 75' lang='lat' dir='ltr'><strong>Sene</strong></span> <span class='ocrx_word' id='word_1_256' title='bbox 1206 4043 1319 4108; x_wconf 88' lang='lat' dir='ltr'><strong>minor</strong></span> <span class='ocrx_word' id='word_1_257' title='bbox 1347 4039 1543 4110; x_wconf 77' lang='lat' dir='ltr'><strong>Africanus</strong></span> 
     </span>
     <span class='ocr_line' id='line_1_33' title="bbox 417 4133 1539 4266; baseline -0.009 -58"><span class='ocrx_word' id='word_1_258' title='bbox 417 4164 545 4266; x_wconf 78' lang='lat' dir='ltr'><strong>exemp.</strong></span> <span class='ocrx_word' id='word_1_259' title='bbox 561 4133 649 4206; x_wconf 84' lang='lat' dir='ltr'><strong>cloc.</strong></span> <span class='ocrx_word' id='word_1_260' title='bbox 662 4157 739 4202; x_wconf 87' lang='lat' dir='ltr'><strong>uoc.</strong></span> <span class='ocrx_word' id='word_1_261' title='bbox 751 4137 788 4198; x_wconf 84' lang='lat' dir='ltr'><strong>in</strong></span> <span class='ocrx_word' id='word_1_262' title='bbox 801 4151 947 4201; x_wconf 82' lang='lat' dir='ltr'><strong>noctem.</strong></span> <span class='ocrx_word' id='word_1_263' title='bbox 996 4149 1093 4200; x_wconf 80' lang='lat' dir='ltr'><strong>natus</strong></span> <span class='ocrx_word' id='word_1_264' title='bbox 1120 4149 1193 4201; x_wconf 82' lang='lat' dir='ltr'><strong>erat</strong></span> <span class='ocrx_word' id='word_1_265' title='bbox 1216 4135 1285 4222; x_wconf 86' lang='lat' dir='ltr'><strong>ipso</strong></span> <span class='ocrx_word' id='word_1_266' title='bbox 1316 4156 1404 4198; x_wconf 85' lang='lat' dir='ltr'><strong>anno</strong></span> <span class='ocrx_word' id='word_1_267' title='bbox 1435 4157 1539 4200; x_wconf 82' lang='lat' dir='ltr'><strong>uorr.</strong></span> 
     </span>
     <span class='ocr_line' id='line_1_34' title="bbox 425 4224 1543 4326; baseline -0.005 -28.814"><span class='ocrx_word' id='word_1_268' title='bbox 425 4233 501 4326; x_wconf 77' lang='lat'><strong>(2</strong></span> <span class='ocrx_word' id='word_1_269' title='bbox 505 4228 518 4319; x_wconf 84' lang='grc'>)</span> <span class='ocrx_word' id='word_1_270' title='bbox 544 4229 728 4298; x_wconf 81' lang='lat' dir='ltr'><strong>Africanus</strong></span> <span class='ocrx_word' id='word_1_271' title='bbox 754 4225 867 4291; x_wconf 87' lang='lat' dir='ltr'><strong>minor</strong></span> <span class='ocrx_word' id='word_1_272' title='bbox 892 4251 955 4292; x_wconf 82' lang='grc' dir='ltr'><strong>ιιι·Ι</strong></span> <span class='ocrx_word' id='word_1_273' title='bbox 1000 4245 1134 4305; x_wconf 72' lang='lat' dir='ltr'><strong>mlx,</strong></span> <span class='ocrx_word' id='word_1_274' title='bbox 1154 4224 1543 4314; x_wconf 84' lang='lat' dir='ltr'><strong>siquidemismortuus</strong></span> 
     </span>
     <span class='ocr_line' id='line_1_35' title="bbox 416 4317 1545 4408; baseline -0.008 -18"><span class='ocrx_word' id='word_1_275' title='bbox 416 4345 471 4392; x_wconf 82' lang='grc' dir='ltr'>ιιιι</span> <span class='ocrx_word' id='word_1_276' title='bbox 492 4317 873 4392; x_wconf 78' lang='lat' dir='ltr'><strong>creditureodemanno</strong></span> <span class='ocrx_word' id='word_1_277' title='bbox 885 4340 954 4408; x_wconf 91' lang='lat' dir='ltr'><strong>quo</strong></span> <span class='ocrx_word' id='word_1_278' title='bbox 1001 4335 1051 4382; x_wconf 83' lang='lat' dir='ltr'><strong>est</strong></span> <span class='ocrx_word' id='word_1_279' title='bbox 1069 4338 1157 4383; x_wconf 84' lang='lat' dir='ltr'><strong>auno</strong></span> <span class='ocrx_word' id='word_1_280' title='bbox 1177 4337 1320 4403; x_wconf 78' lang='lat' dir='ltr'><strong>ncxxv,</strong></span> <span class='ocrx_word' id='word_1_281' title='bbox 1332 4339 1421 4384; x_wconf 80' lang='grc' dir='ltr'>ιιιιιο</span> <span class='ocrx_word' id='word_1_282' title='bbox 1440 4331 1545 4383; x_wconf 83' lang='lat' dir='ltr'><strong>aeta-</strong></span> 
     </span>
    </p>
   </div>
   <div class='ocr_carea' id='block_1_7' title="bbox 418 4409 1314 4510">
    <p class='ocr_par' dir='ltr' id='par_1_11' title="bbox 418 4409 1314 4510">
     <span class='ocr_line' id='line_1_36' title="bbox 418 4409 1314 4510; baseline -0.004 -25"><span class='ocrx_word' id='word_1_283' title='bbox 418 4419 575 4507; x_wconf 76' lang='lat' dir='ltr'><strong>superior</strong></span> <span class='ocrx_word' id='word_1_284' title='bbox 613 4427 766 4482; x_wconf 84' lang='lat' dir='ltr'><strong>mortuus</strong></span> <span class='ocrx_word' id='word_1_285' title='bbox 795 4425 869 4510; x_wconf 45' lang='lat' dir='ltr'><strong>ests</strong></span> <span class='ocrx_word' id='word_1_286' title='bbox 904 4411 955 4484; x_wconf 73' lang='lat' dir='ltr'><strong>De</strong></span> <span class='ocrx_word' id='word_1_287' title='bbox 1003 4409 1044 4480; x_wconf 73' lang='lat' dir='ltr'><strong>tit</strong></span> <span class='ocrx_word' id='word_1_288' title='bbox 1062 4431 1140 4508; x_wconf 56' lang='lat' dir='ltr'><strong>sure</strong></span> <span class='ocrx_word' id='word_1_289' title='bbox 1157 4426 1254 4504; x_wconf 60' lang='lat' dir='ltr'><strong>Ltt.⁶</strong></span> <span class='ocrx_word' id='word_1_290' title='bbox 1307 4489 1314 4504; x_wconf 81' lang='lat'><strong>.</strong></span> 
     </span>
    </p>
   </div>
   <div class='ocr_carea' id='block_1_8' title="bbox 0 0 1648 5658">
    <p class='ocr_par' dir='ltr' id='par_1_12' title="bbox 0 0 1648 5658">
     <span class='ocr_line' id='line_1_37' title="bbox 0 0 1648 5658; baseline 0 3"><span class='ocrx_word' id='word_1_291' title='bbox 0 0 1648 5658; x_wconf 95' lang='lat' dir='ltr'><strong> </strong></span> 
     </span>
    </p>
   </div>
  </div>
 </body>
</html>
