3234 5658
461 506 536 590 16·
796 523 857 584 ns
888 523 951 584 nu
983 509 1212 588 rvettct'

452 643 547 726 nuit
566 637 639 721 aut
655 633 851 722 educauit
869 679 881 743 ς
914 657 961 722 ut
983 636 1100 722 nulla
1124 635 1242 754 quasi
1259 633 1452 724 alimenta
1473 643 1539 724 ex'·

449 799 633 897 pecteret
648 775 678 862 ¹a
702 776 827 865 nobis
850 835 870 883 ‚,
897 809 945 864 ac
969 777 1262 864 tantummodo
1287 781 1439 866 uostris
1466 785 1541 896 ipsa

450 889 685 1007 commodis
701 921 914 1025 seruiens,
946 939 1082 1002 tutum
1103 919 1346 1038 ¹perfugium
1375 921 1458 1005 otio
1474 953 1542 1006 no·

449 1079 536 1144 stro
561 1055 873 1172 suppeditaret,
913 1077 954 1142 et
977 1059 1254 1174 tranquillum
1286 1057 1341 1142 ad
1376 1061 1541 1178 quietem

354 1215 359 1223 '
448 1193 622 1304 lo'cum5
657 1191 783 1303 „sed
813 1215 863 1279 ut
893 1193 1098 1308 plurimas
1127 1215 1168 1280 et
1198 1197 1395 1282 maximas
1426 1199 1542 1284 nostri

340 1407 348 1422 .
407 1405 414 1422 .
447 1369 488 1450 ᾖ
502 1319 691 1474 ¹anilmi,
732 1336 921 1452 ingenii,
953 1333 1118 1420 consilii
1152 1318 1280 1450 partis
1302 1354 1350 1425 (ι)
1375 1337 1460 1451 ipsa
1482 1335 1549 1423 sibi

448 1537 478 1590 „
509 1476 565 1562 ad
596 1475 817 1562 utilitatem
840 1503 958 1560 suam
979 1476 1267 1591 pigneraretur
1289 1495 1338 1563 (ι)
1363 1519 1421 1584 „3
1459 1499 1544 1562 tau-

447 1639 623 1736 tumque
658 1607 786 1699 'nobis
826 1616 872 1700 in
912 1617 1103 1698 nostrum
1127 1617 1357 1729 'priuatum
1396 1647 1543 1722 usum,

359 1773 373 1798 ⁸
451 1779 658 1878 quantum
686 1754 766 1870 ipsi
787 1761 999 1870 superesse
1021 1775 1190 1868 posset,
1222 1753 1431 1840 remiteret
1452 1765 1520 1839 (b).

448 1956 453 1964 ⁵
488 1977 535 2043 (a)
557 1971 603 2030 lta
621 1967 687 2027 cod.
715 1987 770 2048 pro
782 1979 901 2047 partes.
926 1965 963 2024 td
979 1983 1066 2043 saepe
1083 1963 1135 2037 lit,
1162 1985 1230 2026 casu
1253 1977 1353 2024 tamen
1372 1963 1541 2028 aeausatiuo.

488 2055 535 2125 (b)
557 2051 682 2110 ltacod.
699 2051 824 2110 consoni
845 2047 927 2108 haud
949 2049 1120 2128 duplicata,
1145 2070 1233 2129 quam
1258 2047 1418 2110 lectionem
1441 2049 1543 2108 ideireo

448 2135 576 2204 retinui,
586 2133 653 2211 quia
669 2131 839 2192 huiusmodi
855 2129 929 2189 mihi
946 2131 1021 2190 elias
1037 2131 1108 2188 sein
1122 2133 1249 2210 antiquis
1267 2131 1354 2190 codd.
1366 2131 1540 2192 obtulerrmt:

446 2235 475 2274 u.
488 2238 532 2296 gr.
551 2217 582 2273 in
599 2216 783 2274 ambrosiano
805 2213 957 2292 plautinae
981 2211 1156 2275 Vidulariae
1181 2217 1376 2294 palimpsesto
1402 2219 1543 2274 warristi

446 2319 503 2380 pra
514 2305 683 2362 narraristi
690 2325 699 2368 t
710 2311 739 2356 et
749 2298 780 2355 in
795 2287 945 2356 Ciceilnis
961 2296 1133 2378 fragmentis
1149 2319 1206 2378 pru
1223 2297 1323 2360 Tullio
1336 2319 1381 2369 vr,
1394 2311 1424 2358 et
1439 2298 1542 2360 iuClu·

449 2383 533 2464 dium
546 2385 569 2442 l.
582 2387 610 2454 4.
627 2383 731 2445 aderet
747 2401 804 2462 pra
823 2382 961 2442 adderet.

445 2558 554 2628 mulus
571 2553 692 2626 irarum
708 2563 974 2636 maeniumcanr
1020 2559 1064 2626 ad
1100 2582 1179 2633 eum
1218 2559 1394 2628 scribetur
1420 2563 1543 2628 intuere
1599 2583 1600 2622 1

446 2649 560 2728 ditor,
578 2663 614 2714 et
629 2665 784 2714 sacratus
799 2649 975 2740 caelopa-
1019 2655 1112 2742 ipsas
1130 2649 1176 2716 de
1201 2677 1274 2742 rep.
1302 2653 1435 2732 libros,
1460 2649 1543 2720 trude
1599 2657 1600 2698 i

446 2763 630 2822 rans,nan
643 2755 775 2805 tantam
793 2739 977 2828 urbemse-
1021 2741 1117 2806 iilam
1147 2742 1310 2830 affictum.
1326 2743 1546 2809 amantissimi

442 2838 515 2914 eit,
556 2847 697 2898 uantam
716 2827 839 2897 Cicero
858 2855 977 2898 serua-
1021 2835 1107 2896 ciuis
1124 2831 1284 2897 ebibisti.
1314 2834 1452 2898 Locum
1475 2833 1550 2898 imi-

444 2927 505 2990 uit.
553 2919 646 2987 unser
675 2920 748 2988 Cic.
763 2919 799 2986 in
817 2923 892 2989 Cat.
910 2923 973 2988 111.
1023 2933 1115 2986 tatur
1127 2922 1229 2987 etiam
1247 2923 1415 2988 Lucanus
1427 2925 1552 2992 11382:

447 3037 479 3080 r.
501 3015 662 3082 Ceterum
680 3009 859 3080 Sallustius
886 3011 976 3102 apud
1017 3016 1220 3108 patriaeque
1256 3011 1465 3106 impendere
1501 3021 1551 3084 ui·

446 3101 761 3192 Quintil.1x.3.p0st
779 3103 975 3172 med.Cice-
1020 3116 1178 3172 tam-nee
1197 3105 1264 3172 sihi
1280 3105 1345 3172 sed
1372 3110 1444 3171 toti
1456 3111 1550 3198 geni·

444 3216 687 3264 ranem-amara
696 3191 801 3260 ironia
815 3194 897 3260 diait
906 3195 977 3262 tto·
1021 3209 1091 3262 tum
1109 3219 1146 3262 se
1163 3195 1306 3264 eredere
1324 3194 1479 3265 munda.
1502 3203 1546 3270 De

409 3363 416 3376 ¹
444 3284 978 3376 mulumarpinatem.Sedaman·
1002 3282 1149 3373 'patriae
1185 3286 1323 3354 onitate
1354 3287 1473 3356 eximia
1504 3305 1544 3357 est

445 3394 498 3443 ter
509 3375 787 3442 Pliniusvrt.3o=
799 3375 894 3444 salue
904 3381 978 3466 pri·
1023 3379 1186 3442 sententia
1233 3378 1322 3466 apud
1375 3377 1542 3448 Platonem

444 3491 519 3536 mus
528 3469 683 3532 amnium
691 3487 822 3554 parens
834 3470 975 3556 patriae
1021 3467 1105 3554 reip.
1140 3487 1192 3536 tx.
1224 3489 1258 3556 p.
1290 3473 1354 3562 575
1371 3515 1381 3552 ‚
1401 3473 1539 3564 itemque

443 3557 647 3650 appellate.
679 3557 772 3619 Tum
802 3553 976 3622 quenalis
1022 3557 1114 3646 apud
1132 3555 1224 3624 Plut.
1251 3585 1295 3625 an
1323 3585 1392 3629 sen.
1414 3567 1456 3632 sit
1478 3589 1538 3658 ger.

446 3643 624 3730 vrrtnii:
640 3643 754 3712 Roma
763 3662 899 3738 patrem
906 3671 976 3734 pa·
1021 3669 1108 3736 resp.
1129 3665 1153 3714 t.
1176 3669 1227 3718 tx.
1249 3673 1283 3738 p.
1309 3655 1384 3735 166,
1404 3657 1539 3726 ereren.

413 3795 428 3822 „
444 3739 534 3807 tn‘ae
559 3735 761 3804 Ciceronem
784 3737 896 3805 libera
914 3737 977 3804 di·-
1023 3738 1112 3805 sium
1129 3740 1289 3807 uidelicet
1312 3743 1468 3829 effatum,
1487 3747 1538 3836 qui

443 3836 522 3898 xit·
1018 3832 1160 3919 patriam
1176 3831 1389 3922 perpiciant*
1405 3841 1538 3932 mplius

445 3944 450 3955 ¹
491 3916 544 4016 (r)
569 3919 699 3986 Locum
730 3920 811 3986 citat
831 3943 851 3987 e
881 3920 909 3986 Ι.
930 3918 972 3988 de
1019 3921 1253 4010 appellabant,
1273 3941 1311 3990 ut
1334 3951 1410 3994 eam
1435 3953 1535 3998 amore

443 4035 516 4104 rep.
536 4012 667 4078 Nonius
685 4033 760 4078 uae.
769 4019 974 4106 pignerare·
1021 4015 1155 4106 utrique
1164 4017 1293 4103 parenti
1303 4018 1419 4087 debito
1432 4021 1535 4089 colen·

443 4103 686 4173 tar.Euudem
705 4101 875 4197 selegisse
895 4103 971 4168 satis
1020 4104 1097 4170 dam
1126 4129 1195 4172 esse
1231 4109 1427 4181 suaderent.
1459 4113 1535 4181 ilinc

442 4195 471 4262 si
516 4193 606 4260 ifieat
641 4191 817 4260 Nectarius
853 4195 971 4262 doetus
1018 4197 1140 4266 Cicero
1182 4196 1238 4263 off.
1270 4201 1297 4264 1.
1335 4227 1398 4296 ¹7³
1429 4223 1535 4272 omnes

444 4304 479 4352 et
504 4285 599 4352 uicus
626 4285 718 4374 apud
743 4283 972 4377 Augustinnm
1017 4293 1533 4388 amniumcaritatespatriauna

440 4399 496 4464 ep.
517 4397 563 4446 xe
589 4391 622 4442 et
640 4395 721 4452 ertu
741 4378 843 4442 immo
856 4377 890 4444 id
909 4379 970 4445 ad·
1018 4381 1200 4475 complecta
1219 4387 1305 4451 est.'

441 4465 555 4534 firmat
583 4463 793 4560 Augustinus
822 4491 876 4560 ep.
907 4487 970 4544 xes
1018 4509 1025 4521 ·
1064 4507 1069 4517 ·
