3314 5658
1080 507 1243 580 xxxvii

124 637 202 682 rom
216 621 287 687 to'to
302 621 337 688 in
351 625 465 694 codiee
478 640 526 694 est
538 625 591 712 U,
606 649 707 720 quam
720 629 852 696 unicam
868 627 993 694 ideirco
1006 627 1149 696 sormam
1167 648 1243 710 meo

125 724 162 788 in
179 724 269 792 libro
288 731 499 798 retinendam
517 736 633 801 curari
654 783 662 800 .
689 732 900 802 Illud·etiam
920 736 955 800 in
973 733 1117 803 tulliano
1145 732 1247 800 codi-

125 856 163 897 ee
184 831 326 925 aliisque
343 841 463 927 priscis
481 843 548 906 sive
567 843 669 909 sacris
686 845 754 909 sive
773 842 921 932 profanis
939 841 1122 909 'codicibus
1140 857 1242 906 nota·

124 962 161 1006 re
179 943 352 1025 memini,
378 963 452 1012 tum
470 945 583 1016 latinis
614 967 687 1016 tum
706 951 832 1043 graecis
863 967 935 1016 tum
964 951 1065 1016 etiarn
1097 945 1263 1054 gothicQ

127 1045 335 1136 alpiniano,
352 1075 473 1142 nempe
498 1053 775 1148 quotiescumque
795 1057 933 1147 insignis
952 1055 1139 1122 admodum
1161 1076 1242 1120 sets-

117 1158 228 1242 ¹tentia
248 1159 302 1224 rel
314 1163 467 1229 transitio
488 1154 527 1230 fii
538 1211 548 1244 ‚
561 1163 741 1232 librarium
754 1165 853 1232 solito
873 1167 1017 1232 interius
1028 1181 1087 1230 aut
1099 1162 1245 1230 exterius

127 1267 234 1331 ordiri
248 1289 383 1334 versum
396 1271 432 1335 in
445 1273 595 1363 margine
609 1273 689 1340 libri
700 1321 710 1355 ‚
723 1277 768 1341 ita
782 1291 821 1340 ut
835 1297 902 1338 una
914 1270 1032 1338 saltem
1046 1268 1157 1336 littera
1174 1315 1184 1344 ,
1199 1293 1249 1334 ea·

125 1395 191 1462 que
212 1375 397 1467 grandior,
413 1395 546 1468 sumpta
566 1380 738 1446 interdum
756 1381 899 1446 emedio
918 1374 1085 1442 vocabulo
1099 1421 1109 1454 ‚
1123 1375 1245 1440 seriem

124 1481 313 1570 scripturae
321 1483 360 1546 in
373 1484 507 1551 sinistro
520 1487 670 1578 margine
679 1489 835 1556 excedat.
851 1487 986 1555 Codicis
1002 1479 1245 1574 orthographia
1306 1565 1313 1570 .

123 1586 222 1651 miris
241 1586 375 1654 laborat
385 1591 601 1657 varietatibus
614 1609 648 1658 et
660 1593 880 1660 inconstantia
893 1643 899 1658 .
915 1595 973 1659 Est
984 1591 1074 1658 enim
1094 1589 1129 1653 id
1140 1585 1270 1662 satum„

127 1691 256 1760 latinae
268 1696 455 1784 scripturae
467 1721 506 1764 ao
518 1700 806 1788 pronunciationis
820 1747 830 1781 ,
842 1700 935 1788 quod
949 1695 1247 1788 grammaticorum

125 1819 174 1869 tot
205 1808 393 1896 pugnantia
412 1825 590 1896 praecepta
613 1807 829 1898 infinitaeque
854 1816 1064 1896 quaestiones
1096 1803 1245 1868 demon-

68 1913 73 1920 '
123 1927 253 1982 strant.
270 1912 357 1978 Hine
375 1915 497 1980 merito
516 1915 749 1984 Cassiodorius
770 1911 822 2005 (r)
845 1940 854 1976 ε
879 1909 1130 2006 orthographia
1148 1903 1245 1998 apud

127 2020 290 2088 Graecos
312 2023 512 2116 pierumque
531 2029 605 2090 sine
623 2023 846 2116 ambiguitate
866 2024 1035 2116 probatur
1054 2036 1246 2112 expressas

121 2135 216 2199 inter
233 2131 381 2197 Latinos
397 2155 477 2200 vero
495 2133 556 2201 sub
574 2132 691 2201 ardua
700 2131 906 2221 difficultate
925 2135 1047 2203 relicta
1066 2144 1242 2200 monson?

123 2258 198 2316 turs
218 2241 311 2306 unde
331 2228 435 2306 etiarn
455 2241 559 2308 modo
574 2239 723 2308 studium
742 2263 901 2332 magmsm
919 2240 1059 2306 lectoris
1076 2236 1240 2327 inquirit.

122 2347 278 2437 Exempli
297 2347 417 2430 causa,
447 2345 672 2419 iabdaoismus
691 2351 849 2440 proprius
868 2346 1033 2414 Afrorum
1049 2342 1140 2422 iuit;
1159 2341 1247 2406 sieut

131 2456 344 2549 colloquium
359 2477 421 2545 pro
439 2457 752 2550 conloquirm‚teste
766 2457 897 2524 Isidoro
911 2452 986 2548 (a).
1014 2450 1105 2540 Quid
1117 2451 1248 2540 porro?

17 2551 18 2560 ἵ
122 2589 237 2634 nonne
257 2567 327 2657 ipsa
345 2563 512 2648 latinitas,
524 2569 577 2636 uti
596 2568 793 2640 observabat
810 2569 1037 2660 Hieronymus
1051 2561 1104 2657 (3)
1117 2609 1127 2644 ‚
1140 2577 1174 2628 et
1185 2582 1244 2624 re·

123 2674 281 2766 gtonous
300 2675 453 2764 quotidie
481 2676 676 2743 mutabatur
698 2693 732 2746 et
755 2685 933 2766 temporo?
956 2689 1068 2763 postea
1087 2689 1244 2760 praeses·
1333 2683 1335 2690 ·

124 2782 188 2846 tim
204 2801 314 2869 qnam
327 2795 417 2846 tanta
435 2778 659 2848 barbarorum
671 2783 894 2874 peregrinitas
913 2781 949 2848 in
967 2777 1146 2868 imperinm
1156 2795 1243 2840 rom.

123 2885 238 2952 infusa
261 2901 331 2964 est,
351 2883 466 2978 lingua
490 2901 602 2954 autem
623 2888 753 2978 generis
773 2888 886 2977 quarti
905 2909 975 2954 esse
994 2884 1126 2980 coepit,
1151 2879 1245 2972 quod

31 3000 35 3009 '
124 2996 278 3062 Isidorus
312 2991 365 3087 (4)
393 2995 535 3060 mixtum
564 2992 739 3083 appellat.
769 2997 891 3066 Codioi
928 2997 1082 3068 vaticano
1113 2993 1246 3081 priscus

124 3102 348 3180 emendator,
368 3117 407 3166 ut
424 3101 512 3182 disi,
532 3121 601 3168 non
620 3099 752 3182 defuit,
772 3100 895 3192 quivel
914 3105 1146 3191 praetermissa
1165 3119 1245 3161 ver·

124 3212 166 3277 ba
185 3225 250 3276 aut
267 3209 417 3274 membra
430 3205 625 3299 supplevit,
644 3207 699 3274 vel
716 3211 838 3278 menda
857 3208 1005 3300 plurima
1022 3222 1113 3274 recte
1125 3221 1243 3272 sustu·

124 3316 187 3384 ist:
209 3296 303 3384 idem
322 3334 434 3382 tamen
451 3317 592 3382 lectioni
607 3317 715 3386 honae
734 3312 916 3407 aliquando
935 3317 1139 3384 deteriorem
1157 3335 1246 3402 sup-

127 3427 242 3517 posuit
253 3473 263 3506 ,
274 3443 309 3492 et
326 3447 456 3492 errores
474 3449 543 3494 non
561 3425 700 3492 abstulit
710 3429 768 3494 sed
780 3429 885 3494 sevit.
906 3428 948 3493 In
967 3449 1006 3494 eo
1025 3447 1161 3516 quoque
1174 3445 1246 3492 non

131 3537 221 3603 bene
235 3536 542 3625 meritus-est‚quod
555 3536 781 3625 antiquiorem
798 3535 966 3604 scribendi
979 3537 1144 3600 rationem
1155 3532 1249 3598 haud

128 3642 232 3713 semel
247 3644 438 3722 immutarit
451 3693 459 3708 .
474 3643 544 3709 Hae
562 3643 764 3708 mutationes
784 3657 884 3732 atque
904 3641 1152 3710 emendationes
1167 3639 1249 3728 quia
1315 3635 1321 3650 ¹

129 3752 254 3820 litteris
277 3751 466 3816 minoribus
489 3748 719 3842 festinatisque
736 3747 852 3828 fiunt,
876 3773 973 3838 segre
997 3749 1034 3817 in
1058 3747 1175 3816 codice
1194 3743 1248 3812 le·

130 3875 291 3951 guntur,
316 3877 515 3945 semperque
543 3853 629 3920 mihi
657 3876 783 3922 norum
812 3851 942 3943 aliquid
960 3855 1022 3920 sub
1042 3853 1249 3942 palimpsesti

131 3967 320 4038 involucris
337 3964 503 4034 lectitanti
523 3963 745 4032 occurrebat:
764 3985 873 4053 neque
901 3965 991 4028 enim
1015 3945 1247 4051 perfunctorie

130 4079 191 4147 sed
210 4093 281 4143 tota
301 4090 413 4140 mente
432 4073 564 4142 codices
584 4071 775 4142 istiusmodi
792 4087 894 4166 atque
914 4072 1006 4142 omni
1031 4070 1105 4170 acie*
1126 4068 1248 4138 oculo-1

52 4208 56 4225 '
130 4210 210 4255 rum
230 4181 356 4251 intueri
373 4204 507 4250 neeesse
526 4197 596 4251 est.
1245 4179 1251 4188 '

175 4351 224 4419 (ι)
247 4345 317 4402 inst.
335 4342 429 4420 praei.
755 4341 803 4417 (3)
819 4291 903 4398 'Proi
911 4333 954 4395 lib
968 4337 1005 4394 Η.
1017 4337 1245 4424 eommadGal.

176 4437 225 4508 (u)
249 4427 333 4506 orig.
352 4426 376 4486 1.
395 4427 445 4510 ta,
469 4467 474 4478 ·
550 4473 557 4486 .
755 4428 803 4501 (4)
827 4423 911 4502 Orig.
930 4443 976 4484 rx·
999 4439 1026 4481 t.
1251 4458 1254 4462 -
