3234 5658
334 485 356 532 ⁸
440 471 499 560 30
781 501 843 560 os
875 499 937 560 ns
970 465 1201 561 evantes*

438 615 557 716 enim
577 635 789 705 auctorem
821 617 874 706 de
913 593 990 702 iilo
1013 613 1334 730 locupletiorem
1364 613 1528 707 Platone

437 757 609 846 laudare
631 761 896 874 possumus?
923 761 1039 848 cuius
1063 761 1106 844 in
1130 753 1246 844 libris
1269 759 1416 846 multis
1437 759 1529 848 locis

321 1007 326 1012 ,
435 909 490 996 ita
508 907 698 1030 loquitur
714 913 925 1014 Socrates,
941 927 989 992 ut
1005 909 1127 992 etiem
1141 935 1240 992 cum
1257 903 1312 993 de
1329 901 1531 1015 moribus,

435 1051 491 1138 de
514 1049 773 1158 uirtutibus,
796 1049 983 1168 denique
1023 1045 1088 1132 de.
1111 1077 1155 1139 re
1185 1044 1358 1162 publica
1391 1045 1533 1162 dispu-

299 1209 332 1268 Ρ·
352 1204 403 1278 3⁴·
434 1213 494 1280 tet
522 1249 538 1299 ‚
568 1185 783 1304 'numehos
820 1211 961 1276 tamen
995 1211 1037 1275 et
1074 1190 1349 1310 geometriam
1376 1208 1423 1274 'et
1450 1189 1534 1276 har-

433 1335 621 1456 moniam
653 1332 818 1420 studeat
856 1331 1115 1451 Pythagorae
1154 1361 1274 1416 more
1314 1331 1535 1448 coniunge-

433 1509 478 1566 re
510 1499 586 1568 (ι).
619 1477 733 1560 Tum
773 1475 945 1587 Scipio,
978 1491 1075 1557 sunt
1113 1473 1187 1557 ista
1209 1493 1289 1578 (a),
1323 1491 1373 1556 ut
1410 1467 1533 1574 dicis3

432 1681 461 1731 „
493 1641 555 1706 set
577 1641 623 1708 (a)
647 1615 808 1705 audisse
830 1633 871 1699 te
894 1609 1023 1699 credo
1047 1671 1061 1720 ,
1085 1615 1362 1722 Taberna),
1402 1611 1535 1700 Plato·

432 1820 462 1874 „
494 1791 591 1848 nem
609 1819 622 1868 ,
640 1745 807 1848 Socrate
822 1773 992 1840 mortuo
1008 1815 1021 1862 ‚
1038 1759 1225 1870 primum
1242 1760 1288 1843 in
1306 1754 1535 1876 Aegyptum

433 1967 463 2018 ,‚
495 1901 681 1992 discendi
704 1929 824 1990 causa
848 1891 890 1992 (ε’)
917 1954 930 2000 ‚
972 1919 1068 2013 post
1091 1901 1135 1985 in
1159 1899 1321 1988 ltaliam
1345 1921 1388 1985 et
1410 1901 1452 1983 in
1475 1893 1535 1980 Si-

423 2102 463 2155 Ι,,
495 2044 634 2132 ciliam
672 2041 1060 2148 contendissem„
1093 2061 1141 2126 ut
1177 2035 1437 2162 Pythagorae
1471 2035 1538 2120 in·

472 2342 518 2411 (a)
535 2335 582 2396 Ite
604 2331 671 2394 cod.
689 2351 746 2412 pro
763 2333 824 2393 sed.
859 2334 903 2408 (b)
924 2333 969 2392 lta
988 2331 1053 2392 eod.
1069 2331 1185 2396 Τιιόενο
1201 2329 1244 2389 uti
1262 2326 1431 2391 felicissime
1449 2341 1537 2386 emen·
1598 2371 1599 2386 t

432 2418 556 2477 denerat
577 2416 714 2480 Cuiacius
736 2415 832 2476 obser.
852 2438 895 2474 xa.
915 2435 934 2492 9
956 2415 1042 2476 Nonii
1061 2459 1070 2488 ‚
1092 2417 1142 2494 qni
1159 2415 1239 2473 hunc
1259 2415 1357 2472 locum
1380 2413 1452 2472 citet
1477 2425 1534 2466 uoc-

429 2502 625 2578 corrteodem,
648 2513 817 2580 corruptam
842 2498 998 2558 lectionem
1023 2512 1085 2560 tum
1110 2521 1181 2559 uero
1206 2499 1236 2556 in
1259 2491 1387 2578 antiquie
1405 2489 1537 2552 editioni·

429 2577 511 2642 bus.
539 2582 687 2642 Parisiuca
703 2593 803 2639 temen
819 2581 886 2638 anni
905 2603 1049 2640 uncxtrru
1076 2581 1163 2640 Nonii
1182 2579 1275 2640 editio
1297 2577 1390 2638 babet
1413 2577 1540 2637 Tubero.

474 2673 517 2738 (c)
541 2661 730 2726 Vocabulum
755 2683 848 2722 causa
876 2663 958 2720 deest
982 2664 1012 2719 in
1031 2663 1153 2734 codice3
1176 2663 1208 2722 id
1225 2679 1324 2722 temen
1342 2659 1469 2736 legebat
1484 2657 1541 2714 no-

429 2745 573 2806 niusioeo
588 2745 696 2805 citato.
717 2745 819 2822 Neque
833 2763 953 2820 prorsus
972 2746 1165 2804 necessarium
1184 2759 1243 2816 est3
1262 2761 1390 2823 namque
1408 2737 1543 2797 eiuabre-

300 2887 305 2897 ,
429 2824 531 2888 uitatis
556 2826 689 2906 exempla
715 2829 796 2906 apud
827 2826 902 2884 elios
923 2841 1056 2886 auctores
1083 2839 1267 2896 occurrunt,
1298 2845 1376 2904 quos
1402 2824 1482 2880 inter
1505 2825 1544 2878 cst

430 2912 456 2971 1³
458 2921 544 2973 route
560 2911 641 2972 haud.
660 2910 733 2970 sumi
753 2923 783 2975 et
797 2909 932 2990 pulueris
949 2953 958 2968 .
981 2911 1092 2971 Nonius
1109 2911 1219 2971 omittit
1239 2921 1268 2971 et
1286 2917 1318 2972 itt
1334 2912 1498 2971 Siciliam.

340 3257 344 3264 Ι
429 3170 490 3251 lo,
525 3175 697 3240 socratico
733 3187 787 3238 ert
820 3185 885 3236 etc.
915 3169 967 3236 De
1013 3172 1120 3238 derit.
1140 3169 1228 3239 Vide
1249 3165 1486 3260 Augustinum
1506 3165 1542 3234 C.

430 3263 534 3329 unico
570 3265 682 3329 studio
709 3261 848 3328 uirtutis
881 3262 966 3326 mira
1013 3264 1056 3330 D.
1078 3281 1130 3328 vt.
1145 3268 1178 3332 5.
1198 3263 1324 3329 Eadem
1334 3275 1387 3326 est
1407 3273 1540 3326 senteu-

429 3355 513 3420 dicit
531 3353 744 3446 Porphyrius
763 3355 799 3418 in
818 3375 878 3417 ana
896 3373 967 3418 no·
1012 3354 1059 3418 tia
1093 3352 1277 3444 Porphyrii
1319 3353 1355 3418 in
1411 3351 1538 3440 poetico

427 3441 491 3508 bili
509 3445 553 3509 ed
579 3441 780 3508 Marcellam
801 3440 965 3528 epistula..
1013 3443 1203 3534 fragmento
1223 3443 1302 3508 libri
1321 3442 1445 3508 decimi
1463 3463 1537 3506 orr-

477 3530 531 3626 (ι)
555 3531 644 3601 Vide
662 3555 711 3598 ex.
727 3555 778 3624 gr.
790 3533 875 3619 reip.
892 3549 964 3598 vu.
1012 3531 1190 3600 culorum.
1210 3537 1267 3602 De
1280 3535 1414 3600 mei
1432 3533 1536 3600 uirtu-

429 3627 565 3711 posse.
585 3643 667 3713 sqq;
686 3619 752 3732 les
773 3641 810 3688 v.
830 3645 862 3711 p.
885 3623 964 3714 737.
1014 3627 1191 3714 teoopiose
1209 3626 1342 3692 disserit
1353 3621 1493 3692 Procius
1504 3621 1535 3686 in

430 3712 522 3805 7473
540 3713 631 3780 uide·
655 3715 758 3780 etium
787 3713 964 3802 Epinomi-
1010 3716 1138 3784 inedito
1149 3717 1194 3784 ed
1206 3716 1381 3784 decimum
1390 3711 1533 3790 Plutonis

360 3805 364 3814 '
429 3805 532 3914 dem..
557 3801 656 3872 Pluto
674 3805 711 3871 in
729 3804 912 3913 geometria
931 3819 965 3913 et
1010 3806 1052 3874 de
1065 3829 1135 3916 pep.
1147 3804 1276 3874 librum
1284 3802 1533 3910 cemmentapio.

346 4058 351 4076 ,
428 3912 886 4066 ttttt'tffittt't.
904 3897 964 4058 tt
1009 3895 1533 4078 ihtitttVffltVt

427 4075 555 4148 Eadem
577 4077 653 4148 iaus
681 4079 846 4147 triltuitur
867 4077 922 4146 illi
939 4103 960 4146 e
1051 4079 1105 4176 (a)
1130 4083 1182 4150 tu
1193 4083 1268 4152 Cic.
1278 4082 1373 4150 aead-
1385 4085 1414 4151 1.
1428 4081 1533 4149 istum

349 4239 351 4242 .
427 4170 741 4243 Themistioor.de
762 4169 869 4260 prees.
884 4195 956 4260 cap.
1006 4199 1091 4266 ego,
1124 4193 1227 4258 m,
1256 4179 1420 4270 inquam,
1448 4176 1531 4246 ista,

428 4281 468 4330 «ν.
483 4261 696 4358 Pythagorae
713 4284 862 4331 numero·
886 4281 962 4330 ten-
1011 4257 1152 4337 Varro.
1297 4343 1304 4348 ,

426 4369 504 4422 tum
517 4356 829 4439 tributuuteuam
844 4357 959 4424 Deum
1013 4399 1018 4408 ·
1049 4355 1103 4450 (3)
1122 4361 1173 4428 De
1186 4357 1338 4428 Heronio
1357 4353 1528 4428 itineribus

424 4465 470 4514 ex
492 4449 643 4519 nomme·
665 4463 819 4531 contem
844 4449 959 4522 credi-t
1003 4448 1126 4526 emata
1146 4451 1300 4526 scribunt
1324 4452 1447 4550 Cicero
1472 4446 1526 4516 fin·
