3276 5660
426 291 458 314 θ

436 510 522 570 202
563 533 566 538 ·
767 505 828 566 nu
857 507 922 566 ue
956 503 1196 569 evettcn

429 619 525 704 liter
548 616 655 708 fides
680 651 757 707 nec
779 611 933 706 iustitia
965 619 1133 706 laudata
1159 641 1237 712 (ι).
1270 619 1368 729 Quo
1390 640 1533 708 tamen

422 790 451 842 e
476 762 655 880 collegio
680 763 770 850 laus
797 784 857 847 est
879 760 951 846 illa
976 761 1126 846 eximia
1144 761 1207 846 ·C·
1226 761 1340 868 luli,
1364 769 1440 880 qui
1452 745 1542 847 lto-⁵

90 985 94 994 ,
142 963 165 991 2.
233 936 394 1009 ‘oxxtt
428 902 585 988 minem
603 905 792 990 nobilem
810 905 871 988 ·L·
889 906 1068 990 Sestium
1085 963 1099 1010 ,
1116 905 1235 990 cuius
1253 907 1298 988 in
1314 900 1528 1016 cu*llbieu·

272 1024 305 1080 Ρ·
328 1021 392 1100 ¹³⁷·
427 1046 471 1132 lo
496 1048 705 1134 ecfossum
731 1074 775 1140 (a)
803 1077 926 1154 esse,
960 1077 1003 1132 se
1018 1069 1271 1162 praesente,
1312 1069 1526 1134 mortuum

428 1191 626 1296 diceret,
659 1223 759 1278 curn
783 1194 869 1306 ipse
893 1211 1141 1306 potestatem
1164 1223 1374 1278 summam
1397 1191 1531 1278 habe-

425 1356 518 1442 ret,
553 1333 673 1452 quod
699 1335 917 1422 decemuir
940 1360 985 1431 (a)
1010 1336 1100 1420 sine
1133 1339 1438 1450 prouocatione
1461 1371 1531 1426 es·
1610 1436 1613 1447 .

425 1505 517 1585 set,
549 1477 677 1566 uades
702 1501 841 1564 tamen
865 1479 1058 1591 poposcit
1076 1510 1086 1562 ε
1104 1477 1233 1594 quod·
1247 1507 1290 1562 se
1315 1477 1454 1596 legem
1479 1483 1531 1565 il-

425 1623 509 1708 lam
533 1619 787 1740 praeclaram
812 1618 1099 1735 neglecturum
1120 1641 1317 1736 negaret,
1350 1652 1458 1740 quae
1476 1625 1532 1710 de

427 1767 561 1878 capite
585 1766 690 1851 ciuis
714 1765 910 1868 romani,
943 1754 1024 1845 nisi
1051 1763 1232 1848 comitiis
1257 1767 1529 1874 centuriatis,

429 1909 550 1992 statui
570 1929 729 1992 uetaret
746 1930 793 1998 (a)
812 1973 823 1992 .
1068 2019 1071 2026 ι

492 2045 722 2134 XXXVII.
756 2049 927 2133 Tertius
953 2069 1014 2134 est
1037 2079 1170 2134 annus
1186 2063 1241 2135 ,κζ
1260 2049 1406 2137 uiralis
1431 2083 1535 2140 con-

336 2161 340 2175 ’
428 2209 626 2294 secutus,
651 2219 749 2274 cum
768 2186 883 2272 idem
899 2211 1060 2294 essent,
1084 2221 1163 2274 nee
1180 2191 1286 2276 alios
1304 2191 1535 2310 subrogare

204 2443 207 2450 Δ
271 2358 303 2420 Ρ.
328 2356 395 2418 138.
429 2329 662 2421 uoluissent
680 2351 726 2424 (3)
745 2397 754 2415 .
775 2335 780 2445 l
799 2331 847 2414 ln
864 2331 945 2415 hoe
962 2353 1069 2416 statu
1088 2333 1148 2416 rei
1165 2329 1355 2448 publicae
1371 2391 1386 2436 ,
1402 2365 1538 2450 quem

426 2465 511 2558 dixi
535 2471 618 2552 iam
651 2501 770 2583 saepe
796 2500 882 2552 non
906 2500 1026 2580 posse
1058 2499 1144 2554 esse
1177 2465 1430 2556 diuturnum
1454 2495 1536 2580 (t),
1608 2412 1612 2557 l

318 2619 322 2626 '
425 2605 544 2728 quod
575 2629 662 2690 non
693 2627 799 2693 esset
831 2609 875 2691 in
908 2609 1048 2691 omnis
1078 2607 1245 2692 ordines
1278 2611 1453 2696 ciuitatis
1481 2635 1533 2706 (c)

466 2787 512 2852 (a)
535 2783 580 2837 lta
604 2780 668 2837 eod.
697 2779 740 2837 uti
763 2798 853 2855 supra
869 2784 998 2855 ecferre,
1019 2785 1177 2860 effrenati.
1203 2783 1249 2854 (b)
1271 2783 1346 2840 Cod.
1375 2787 1531 2844 dammart-

420 2885 487 2923 rnm
497 2909 505 2934 ,
517 2863 571 2920 nisi
590 2863 666 2919 sorte
684 2863 781 2940 alique
798 2863 840 2918 ibi
860 2862 951 2921 litura
970 2876 1030 2928 est.
1057 2871 1098 2938 (c)
1120 2865 1194 2926 cot
1205 2872 1315 2925 ciuitas
1321 2865 1396 2937 ,sed
1414 2867 1530 2927 ibidem

422 2947 542 3006 uidetur
560 2946 747 3008 emendatum
764 2951 918 3008 ciuitatis.

422 3098 592 3190 Lycurgi,
617 3097 781 3164 Draconis
804 3093 955 3165 Solonis·
997 3097 1205 3185 nuperrimi,
1220 3094 1423 3188 legationem
1436 3095 1532 3166 illam

422 3212 489 3278 que
531 3187 681 3282 legibus,
724 3190 817 3278 quod
847 3187 955 3254 lacere
998 3211 1118 3279 negare
1142 3191 1213 3255 ausi
1233 3206 1332 3268 sunt,
1358 3193 1529 3256 contradi-

423 3283 482 3348 uix
499 3281 638 3361 debuit,
658 3283 686 3346 si
706 3282 759 3346 ius
777 3303 956 3346 romanum
991 3297 1094 3344 ¹eente
1114 3277 1331 3370 lieetprolixe
1345 3283 1529 3349 Terrasso-

421 3393 568 3464 egraeco
580 3371 950 3458 haustumputauisset.
996 3371 1053 3438 nio
1066 3369 1156 3463 gallo
1169 3390 1203 3440 et
1220 3369 1394 3438 nonnullis
1412 3373 1524 3441 Italis.

419 3465 598 3530 Praeterea
621 3480 706 3529 tusc.
728 3481 765 3526 v.
786 3464 830 3532 36
858 3483 953 3528 eom·
995 3459 1235 3551 supplementa
1250 3465 1417 3554 quaedam
1430 3467 1527 3531 tabu·

418 3571 605 3621 memorato
629 3552 690 3621 illo
715 3553 950 3636 Hermodoro,
994 3550 1106 3618 larum
1118 3553 1160 3618 ab
1172 3553 1299 3644 Aequis
1312 3601 1322 3635 ,
1337 3555 1455 3624 ltaliae
1468 3581 1528 3646 po-

419 3667 520 3732 quem
531 3647 670 3736 quidam
682 3645 776 3718 aiunt
790 3645 952 3734 iuterpre-
993 3641 1076 3733 pulo
1088 3690 1098 3726 ,
1111 3647 1216 3713 missis
1229 3647 1271 3714 ad
1284 3671 1340 3712 eos
1354 3649 1525 3716 decemui-

419 3736 528 3803 tandis
546 3737 636 3825 apud
655 3735 863 3810 decemuiros
887 3737 951 3806 So·
992 3737 1061 3816 ris,
1075 3739 1239 3825 accepisse
1259 3741 1430 3808 Romanos
1446 3766 1524 3807 nar-

417 3826 505 3899 lonis
525 3825 655 3920 legibus
683 3827 888 3918 praefuisse,
907 3854 949 3895 ne
991 3843 1044 3896 rat
1070 3829 1209 3904 Seruius
1242 3853 1316 3897 aen.
1348 3851 1419 3900 vlt.
1445 3836 1522 3925 695.

383 3913 474 4016 lppo*
495 3922 633 4009 quidem
652 3944 690 3986 ea
702 3922 743 3987 de
756 3945 792 3989 re
805 3923 947 3990 Cicero.
1038 3916 1091 4010 (r)
1116 3921 1205 4014 Lege
1248 3925 1450 4022 Dionysium
1486 3947 1522 3994 x.

417 4011 575 4082 Profecto
601 4013 748 4080 duorum
759 4015 880 4080 iurum
893 4037 948 4078 na·
992 4017 1048 4103 59.

1070 4038 1083 4078 s
1133 4061 1142 4080 .

418 4120 494 4172 tura
513 4107 637 4172 mirum
655 4119 821 4194 quantum
839 4106 949 4171 diuer·
979 4141 982 4150 Α
1038 4035 1202 4196 (ellum
1225 4105 1328 4177 habes
1351 4112 1443 4200 apud
1463 4113 1519 4177 Li·

400 4219 452 4262 .sa
471 4213 538 4262 est.
558 4199 677 4286 ltaque
691 4195 781 4261 docti
793 4191 947 4282 aliquot,
989 4195 1088 4262 nium
1109 4201 1172 4267 111.
1194 4200 1248 4267 33.
1378 4253 1380 4260 ,

415 4290 610 4374 praesertim
624 4283 947 4368 vicrtsintusfflo-
1037 4285 1089 4380 (3)
1110 4292 1292 4384 Dionysius
1313 4311 1368 4360 xl.
1403 4319 1417 4360 r
1447 4317 1516 4390 sqq.

415 4377 722 4470 narniens-gallus,
755 4375 945 4448 Gibbonius
990 4375 1129 4448 Orosius
1149 4384 1194 4448 ll.
1220 4387 1269 4456 ιθ,

415 4465 536 4558 anglus
550 4514 560 4554 ,
574 4487 606 4536 et
628 4473 790 4540 Germani
807 4473 947 4564 quidam
1037 4472 1089 4570 (4)
1115 4474 1189 4545 Lib.
1205 4479 1232 4546 1.
1255 4473 1310 4569 41.
1329 4479 1377 4548 11.
1397 4477 1450 4550 33.
