3276 5660
429 455 522 549 nio
767 485 830 548 nn
862 443 925 547 u'n'
956 481 1189 552 stauros
1224 477 1228 482 ’

420 617 569 684 turum.
602 593 745 678 Verum
774 600 814 676 id
837 605 883 672 (a)
907 600 1059 708 quidem
1088 602 1167 676 fieri
1193 621 1270 675 non
1295 605 1419 702 potest
1440 623 1452 697 ς
1489 623 1540 676 ne

420 729 516 826 dosis
542 753 672 807 omnes
691 739 727 808 te
753 751 928 835 rogamus
957 734 1036 806 (¹),
1071 727 1219 805 Gellius
1242 728 1277 802 I.
1300 751 1364 798 aa,

498 851 571 928 Sed
592 852 772 930 iuuentuti
800 866 946 927 nostrae
970 850 1123 926 minime
1148 849 1372 927 audiendus:
1398 847 1540 953 quippe

417 973 523 1051 siita
545 973 685 1076 sensis,
715 985 756 1046 ut
781 971 948 1082 loquitur
971 1029 984 1068 ‚
1013 986 1070 1046 est
1093 971 1211 1046 homo
1245 971 1445 1076 impurus3
1474 973 1535 1052 oin

416 1094 552 1196 aliter,
583 1093 687 1204 quod
714 1093 816 1172 malo
833 1153 845 1197 ,
864 1096 997 1192 'oratio
1020 1109 1077 1170 est
1102 1109 1227 1170 tamen
1256 1093 1433 1170 immanis
1456 1099 1533 1174 (α).

392 1229 394 1234 ’
417 1219 572 1297 Nonius
586 1223 842 1296 neminemne
856 1271 867 1314 ‚
881 1233 1017 1326 etnoc.
1028 1222 1198 1322 impurus
1213 1239 1269 1288 ex
1286 1217 1368 1290 III.
1387 1215 1436 1294 de
1449 1241 1533 1316 rep.
1631 1233 1632 1240 ’

416 1345 451 1402 in
468 1343 632 1406 Alexandri
650 1343 802 1402 itinerario
820 1363 883 1422 cap.
894 1353 989 1416 uxr.)
1008 1346 1095 1406 Nunc
1110 1356 1208 1402 sutem
1224 1355 1323 1401 tantae
1340 1341 1446 1400 aetatis
1462 1343 1534 1422 gel-

414 1427 512 1486 lianus
534 1428 627 1486 codex
652 1426 802 1484 tollendae
822 1426 902 1485 omni
921 1427 1126 1498 dubitationi,
1149 1425 1425 1502 confirmandaeque
1447 1447 1533 1486 sum·
1626 1464 1630 1483 .

362 1509 365 1516 '
414 1511 577 1576 ruariorum
595 1509 733 1584 dignitati
752 1509 930 1588 peridoneus
946 1508 1101 1573 habendus
1119 1523 1181 1568 est.
1207 1509 1311 1568 Altera
1330 1509 1533 1586 gallianorum
1624 1576 1628 1591 .

412 1594 648 1670 fragmentorum
666 1589 858 1656 commoditas
876 1604 936 1662 est,
947 1593 1029 1674 quod
1044 1593 1159 1656 ibidem
1172 1605 1252 1650 extat
1269 1594 1353 1652 loeus
1370 1591 1422 1649 hic
1437 1593 1534 1656 Tullii
1627 1596 1628 1630 l

417 1679 457 1738 de
466 1697 529 1756 rep.
541 1721 550 1748 ,
561 1679 602 1741 ita
613 1689 710 1740 tamen
722 1688 754 1740 ut
763 1674 1041 1758 praetermittantur
1050 1677 1218 1762 particulae
1229 1675 1362 1756 aliquot,
1373 1675 1535 1751 etquidem
1627 1668 1628 1740 i

413 1760 535 1820 tulliani
546 1759 644 1846 operis
653 1758 758 1823 titulus
769 1772 798 1817 et
807 1773 877 1818 nota
886 1759 956 1822 libri
968 1785 976 1818 s
994 1759 1097 1837 quofit
1108 1796 1122 1836 ν
1136 1771 1170 1818 ιιι
1179 1751 1203 1821 ἐἰ
1215 1759 1311 1820 minus
1319 1757 1363 1817 rei
1374 1757 1533 1819 ueritatem
1627 1759 1628 1776 ¹

415 1843 571 1915 docemur,
582 1856 612 1902 at
622 1855 701 1902 certe
711 1841 742 1907 in
751 1842 876 1920 uulgato
885 1862 985 1905 errore
994 1863 1053 1901 non
1064 1841 1284 1906 confirmemur.
1293 1842 1395 1906 Verba
1403 1839 1433 1898 in
1441 1839 1534 1900 hian·

413 1937 445 1984 te
461 1926 596 2006 palatino
613 1926 686 1986 solio
700 1948 754 2006 ¹¹7
765 1924 838 1988 haec
847 1939 932 1985 sunt.
945 1971 952 1984 .
966 1969 975 1986 .
992 1947 1044 1987 eas
1055 1930 1231 1990 da'nleotiras
1244 1930 1464 2004 percalluerat.
1486 1929 1532 1986 td

415 2015 516 2090 ipsum
526 2013 649 2076 sterium
660 2015 855 2088 (superesse,
866 2009 904 2068 de
912 2030 970 2088 quo
979 2009 1041 2088 agit
1050 2009 1168 2072 Gellius
1178 2017 1191 2083 )
1203 2016 1308 2074 Cicero
1317 2015 1404 2092 ponit
1411 2029 1471 2068 non
1481 2023 1531 2070 te·

414 2113 494 2153 utere
502 2093 725 2158 nmsertndnm.
737 2093 837 2156 Verba
844 2114 884 2156 en·
892 2115 924 2153 eo
935 2097 1014 2154 libro
1022 2095 1092 2153 laec
1100 2105 1185 2152 snm:
1196 2115 1258 2156 nora
1264 2097 1513 2170 grastmnlaele'
1521 2135 1532 2164 ,

412 2177 1072 2258 nisiltosuellepsstarcmteqrtoqusaliqucsm
1079 2181 1403 2254 pnrtmhrtiusnostri
1418 2196 1532 2236 samo·

411 2267 463 2322 ttt's
472 2266 630 2336 attingere:
639 2265 816 2338 praesertim
824 2279 889 2316 cum
896 2261 963 2322 heri
972 2267 1037 2340 ipse
1044 2261 1161 2320 dteertt
1170 2261 1241 2334 (sic)
1250 2271 1278 2316 te
1286 2261 1373 2322 nodis
1380 2265 1467 2318 etiarn
1475 2283 1531 2319 sn·-
1622 2220 1625 2299 i

407 2345 613 2422 'reflaturam-
628 2349 738 2410 Verum
746 2341 781 2408 id
788 2339 987 2423 quidemfieri
994 2363 1054 2403 non
1060 2355 1159 2422 potest
1164 2369 1173 2415 3
1184 2341 1432 2414 cedesiswmnes
1441 2355 1470 2400 te
1476 2365 1533 2404 ro-
1624 2331 1625 2375 ³

384 2419 389 2428 ’
410 2445 535 2500 gamus·
551 2430 613 2489 Cur
623 2439 722 2488 autem
731 2427 762 2484 in
772 2424 901 2504 codpal.
912 2425 1068 2488 diciturex
1076 2447 1110 2486 co
1121 2429 1201 2489 libro
1207 2467 1217 2499 ,
1226 2445 1286 2482 non
1297 2427 1533 2504 stertiodmpl

408 2507 489 2564 Num
501 2505 615 2566 librarii
628 2507 768 2572 mendum
777 2509 837 2567 esti
848 2526 885 2569 att
894 2505 993 2591 potius
1004 2509 1095 2586 paulo
1105 2509 1263 2592 anteapud
1272 2509 1404 2568 Gellium
1413 2507 1444 2564 in
1455 2510 1532 2569 cod.

407 2587 469 2668 pal.
481 2589 650 2669 appellatus
658 2589 715 2652 init
722 2587 802 2652 liber
812 2591 849 2647 de
860 2607 982 2672 reppro
992 2589 1071 2648 libro
1085 2592 1122 2650 de
1131 2592 1196 2652 iure
1208 2589 1309 2650 ciuilil
1321 2591 1454 2650 Profecto
1463 2611 1536 2650 sca-s

409 2690 459 2730 mo
469 2671 511 2740 ibi
523 2687 566 2736 eat
576 2673 615 2734 de
627 2671 785 2737 Tuberone
798 2671 848 2750 qui
866 2671 897 2729 in
915 2693 977 2750 rep.
991 2673 1142 2752 disputan
1159 2672 1355 2736 testimonium
1371 2683 1467 2730 autem
1488 2673 1536 2734 de
1624 2731 1625 2736 ,

405 2755 529 2815 scientia
539 2747 611 2817 iurle
625 2754 657 2812 in
672 2767 760 2834 gente
778 2755 853 2814 aelia
870 2775 929 2812 non
942 2755 1082 2821 abhorret
1098 2777 1117 2814 a
1133 2757 1212 2820 libro
1222 2755 1367 2836 primode
1382 2775 1445 2833 rep.
1459 2776 1533 2837 cap.

406 2857 503 2904 xrrrr.
514 2840 649 2917 Denique
666 2839 725 2902 duo
746 2839 861 2903 codices
870 2838 1000 2900 uatieani
1016 2859 1072 2918 pro
1084 2841 1120 2904 id
1130 2847 1229 2921 ipsum
1236 2839 1398 2899 habentad
1405 2845 1530 2916 ipsum,

405 2922 566 2992 mendoser
589 2921 672 3000 quasi
691 2923 832 2984 citaretur
846 2920 925 2982 liber
941 2922 1086 2984 secundus
1104 2925 1144 2981 ad
1161 2923 1365 2983 Tuberonem.
1384 2929 1430 2994 (a)
1452 2923 1531 2982 Edi-

404 3001 502 3069 tiones
512 3005 625 3083 aliquot
634 3014 663 3066 sr'
671 3008 706 3069 id
716 3048 723 3062 .
741 3005 800 3067 Sed
811 3019 910 3068 tamen
918 3012 946 3070 ss'
956 3005 1040 3064 abest
1051 3007 1210 3086 spalatino
1220 3021 1250 3066 et
1262 3027 1280 3062 a
1288 3005 1430 3065 uatioanis
1442 3006 1529 3065 codr-
1623 3072 1624 3080 ἵ

407 3085 490 3147 cibus
500 3131 509 3160 ‚
527 3102 557 3148 et
574 3091 663 3147 etiarn
677 3109 693 3145 a
706 3087 819 3152 uenetis
838 3088 1017 3150 editionibus
1035 3109 1081 3146 an
1090 3111 1279 3149 necessust
1292 3103 1324 3146 et
1339 3109 1429 3148 xcru-
1445 3090 1527 3152 ttate
1620 3089 1624 3116 r

404 3189 477 3228 uero
486 3171 659 3250 praedictae
670 3185 793 3230 uenetae
803 3170 947 3230 editiones
964 3171 1123 3234 habent·te
1138 3175 1225 3238 nobis
1241 3194 1303 3234 nost
1317 3178 1425 3244 etiam
1447 3192 1528 3252 quac

401 3253 509 3318 uitiosa
525 3254 615 3320 lectio
632 3253 808 3320 tentantium
824 3253 988 3320 subuertit.

275 3447 278 3454 ‚
447 3359 501 3455 (ι)
527 3361 683 3432 Laelium
694 3379 851 3456 rogatum
867 3387 935 3432 esse
981 3365 1025 3430 ba
1055 3367 1206 3458 suspicor
1242 3365 1443 3435 exordientis
1472 3365 1521 3434 de
1620 3400 1623 3411 ⁴

401 3451 620 3540 ab-omuibus
639 3471 679 3525 ut
696 3455 859 3525 iustitiam
871 3454 948 3520 de-'
984 3459 1156 3526 Carneade
1187 3457 1306 3550 loqui,
1326 3461 1387 3550 qui
1419 3481 1521 3528 causa

399 3541 574 3628 studeret,
593 3547 640 3614 ait
669 3543 879 3652 Augustinus
898 3545 934 3618 in
980 3549 1227 3618 exercitationis
1260 3551 1423 3618 iustitiam
1452 3573 1518 3640 op·
1624 3587 1625 3640 r

397 3635 543 3724 epitome
556 3639 647 3708 tertii
664 3635 745 3706 librt
760 3690 768 3704 .
789 3637 847 3704 Est
870 3661 933 3704 au·
979 3659 1190 3732 pugnauerat
1200 3693 1208 3708 .
1220 3644 1262 3712 Et
1275 3645 1412 3734 quidem
1425 3641 1516 3710 Car·-

397 3740 467 3798 tem
492 3728 528 3799 id
557 3749 730 3822 quoquest
759 3726 927 3810 Platone,
973 3733 1095 3800 neades
1113 3757 1234 3823 spurce
1266 3733 1397 3804 loeutus
1417 3733 1513 3800 dici-

395 3819 487 3911 apud
506 3841 607 3913 quem
635 3821 720 3914 reip.
740 3821 785 3890 ΙΙ.
806 3845 839 3910 p.
861 3821 927 3892 368
976 3840 1033 3893 tur
1051 3847 1071 3890 a
1090 3825 1255 3896 Cicerone
1274 3827 1412 3902 ¹inieritis
1432 3849 1510 3916 cap.

395 3931 509 3980 omnes
523 3929 620 3981 orant
632 3913 806 3984 Socratem
818 3930 856 3979 ut
865 3933 932 4000 pro¹
975 3935 1113 3991 nxvttr
1138 3943 1156 3982 a
1172 3919 1383 4006 Quintiliano
1398 3935 1509 3984 tamen

394 3999 520 4072 iustitia
538 4006 928 4078 dicat.PorroadLae-
977 4008 1052 4078 inst.
1080 4029 1150 4077 xtt.
1188 4035 1199 4082 t
1242 4011 1334 4082 haud
1366 4013 1511 4076 iniustus

392 4087 481 4161 lium
499 4113 721 4189 cognomento
740 4099 923 4186 sapientem
970 4100 1026 4168 uir
1045 4097 1146 4169 luisse
1165 4104 1398 4186 existimatur,
1429 4101 1509 4168 lieet

393 4203 469 4276 apte
482 4187 632 4257 defertur
644 4189 923 4282 patrociniumiu·
971 4208 1087 4258 eontra
1123 4193 1286 4265 iustitiam
1322 4217 1511 4286 perorans-

392 4279 525 4378 stitiee‚
550 4303 653 4372 quam
670 4277 790 4352 Philus
803 4277 923 4352 stultt-
967 4285 1033 4366 rit,
1052 4305 1155 4375 quam
1166 4289 1275 4375 pridie
1287 4287 1505 4355 defenderat.

393 4377 457 4432 trae
471 4371 749 4443 insimulauerat.
970 4377 1071 4461 Quod
1090 4393 1204 4443 autem
1228 4380 1273 4445 ait
1296 4395 1418 4445 auctor
1439 4380 1505 4444 mi·

436 4454 490 4556 (a)
514 4461 603 4535 Hace
621 4485 690 4536 esse
713 4461 823 4541 Laelii
840 4487 921 4539 uer·
965 4469 1059 4578 uiuae
1087 4471 1298 4548 audiendum
1338 4471 1506 4542 iuuenta*
