3262 5662
446 519 530 582 122
777 518 839 582 DE
872 517 933 582 ut:
966 515 1196 584 PVBLICA

430 633 493 722 tio
516 657 595 728 to:
626 649 765 722 tentus
789 655 876 722 erat
907 637 951 719 in
975 633 1145 720 homine
1176 661 1275 720 usus
1299 633 1359 720 rei
1382 633 1536 748 publi-

431 819 503 876 cae
518 849 533 897 ,
556 821 686 910 quam
710 811 752 875 et
769 787 889 878 domi
904 813 945 878 et
960 790 1134 878 militiae
1151 820 1247 877 cum
1266 790 1423 906 optime
1440 813 1530 880 tum

272 931 308 996 Ρ·
324 937 397 1024 ²7⁶·
431 933 557 1019 etiam
573 935 579 1047 Ι
595 931 829 1022 diutissime
847 953 1026 1053 gesserat
1042 973 1055 1039 ς
1073 953 1114 1018 et
1136 927 1291 1022 modus
1309 930 1357 1017 in
1381 928 1535 1016 dicen-

431 1067 520 1180 de,
553 1095 595 1159 et
617 1075 815 1192 grauitate
838 1077 992 1162 mixtus
1009 1073 1126 1189 lepos
1144 1089 1221 1176 (α),
1253 1093 1295 1155 et
1321 1101 1534 1158 summum

430 1212 500 1306 uel
519 1211 709 1300 discendi
727 1239 773 1306 (a)
792 1193 978 1303 studium
1001 1215 1072 1302 uel
1090 1211 1274 1300 docendi
1290 1231 1364 1318 (³),
1383 1235 1425 1299 et
1441 1245 1542 1300 ora-

429 1359 535 1445 tioni
550 1375 596 1450 (b)
613 1355 700 1442 uita
716 1354 948 1444 admodum
966 1330 1199 1475 congruens
1213 1377 1262 1444 (tt
1284 1421 1295 1443 .
1328 1355 1368 1442 Is
1392 1352 1534 1442 dicere

472 1521 519 1587 (a)
541 1513 616 1576 Cod.
627 1511 747 1574 dicendi
756 1551 762 1586 :
776 1508 1037 1572 Sedteribendnnr
1049 1517 1110 1572 eaa'e
1126 1511 1263 1574 discendi
1279 1509 1462 1570 demonstrat
1479 1507 1541 1588 ipse

426 1595 547 1660 'rullius
571 1599 610 1656 de
627 1615 690 1676 rep.
709 1596 733 1652 l.
753 1593 834 1654 8.ιο.
853 1595 928 1654 item
939 1598 1038 1677 Nepos
1055 1597 1087 1655 in
1102 1594 1223 1658 Catonia
1240 1594 1322 1654 uita.
1344 1596 1389 1668 (b)
1407 1593 1453 1650 lta
1473 1593 1538 1652 cod.

425 1699 455 1742 π.
474 1701 581 1752 manu3
609 1691 640 1738 at
657 1683 860 1738 neroum.
1068 1709 1074 1722 ·

425 1819 479 1874 ret
487 1802 674 1873 declarauit
691 1799 865 1870 homerico
877 1825 958 1870 uer·
1003 1821 1073 1870 non
1091 1825 1185 1872 secus
1197 1826 1237 1870 ao
1249 1799 1350 1869 illum
1362 1803 1534 1884 Crassum,

428 1923 469 1968 su
491 1895 607 2006 (Plur.
628 1897 664 1964 in
688 1899 762 1968 Cat.
782 1891 872 1988 lin.)
891 1917 958 1962 cn·-
1004 1892 1106 1962 aemel
1126 1897 1162 1964 in
1180 1898 1250 1962 nita
1273 1896 1405 1962 risisse.
1427 1895 1537 1962 Cato-

415 1989 481 2055 iua
500 1990 728 2078 interpretatio
747 1987 830 2054 haec
852 2003 902 2055 est
924 1986 961 2053 in
1005 2009 1085 2052 nem
1114 1987 1263 2054 imitatus
1291 1987 1429 2054 uidetur
1458 1985 1537 2055 Sci-

427 2075 521 2145 Liuii
539 2081 684 2170 epitome
709 2077 769 2146 lib.
789 2097 959 2148 xunn:
1004 2079 1061 2166 pio
1076 2123 1087 2159 ‚
1105 2080 1205 2146 cuius
1223 2077 1334 2168 lepida
1363 2078 1455 2146 dicte
1474 2077 1538 2144 ali·

424 2173 576 2266 reliquos
593 2175 700 2264 quiin
719 2169 848 2262 Africa
866 2171 958 2238 mita·-
1005 2186 1089 2260 qoot
1119 2169 1279 2264 leguntur
1297 2169 1387 2260 apud
1413 2186 1538 2238 ata-ate-

424 2281 565 2345 tarent‚
609 2263 749 2333 umbras
784 2263 958 2341 militumr
1027 2277 1175 2328 emotum
1200 2279 1377 2341 auctores,
1409 2277 1442 2328 et
1460 2263 1535 2332 Cic.

425 2353 627 2449 scepionem
644 2360 783 2450 ur'grere.
1005 2283 1047 2419 de
1079 2377 1128 2422 or.
1149 2357 1206 2432 113
1225 2377 1331 2444 eaque
1357 2351 1532 2444 collegisse

473 2446 529 2539 (r)
555 2449 694 2520 Catonia
725 2449 798 2516 nim
823 2446 960 2518 dicendi
1005 2443 1142 2514 uidetur
1160 2443 1536 2538 Polybirrs.VideSui··

425 2537 573 2628 praefert
591 2535 744 2606 Velleius
768 2541 796 2606 Ι.
821 2562 860 2629 ¹7
883 2538 958 2606 Sci·
1005 2535 1083 2602 dam
1102 2560 1179 2605 uoc.
1196 2531 1380 2626 waplppur.
1620 2544 1621 2548 ’

423 2630 535 2720 pionie
563 2645 598 2696 et
630 2627 739 2695 Laelii
766 2645 801 2696 et
827 2643 959 2696 cetero·
1051 2626 1105 2720 (3)
1118 2629 1273 2719 Namque
1287 2649 1386 2718 opera
1398 2627 1536 2696 Catonis

422 2736 596 2792 tumente
615 2717 774 2788 Tullium
792 2717 957 2808 eloquen-
1002 2718 1203 2788 didascalica
1227 2719 1365 2785 suerunt
1391 2719 1438 2787 de
1456 2715 1538 2786 rlae-

424 2815 514 2880 tiae.
534 2815 606 2881 Nec
624 2813 771 2890 mirum
791 2811 958 2900 siquidem
1003 2814 1125 2893 torr'ca,
1138 2812 1184 2882 de
1196 2811 1371 2881 medicina
1385 2811 1453 2892 ,de
1465 2835 1536 2878 mo·

423 2901 606 2972 uidebatur
624 2901 786 2972 Sallustio
800 2901 890 2970 Cato
901 2926 959 2970 ro·
1003 2903 1118 2987 ribus,
1132 2904 1177 2974 de
1190 2905 1309 2972 liberis
1320 2903 1536 2984 educandis,

423 3001 522 3156 uu
533 2995 956 3156 tumulltu·
1002 2993 1106 3157 tt:
1130 2995 1368 3158 offuit
1386 2993 1536 3154 eut

554 3114 578 3154 u
939 3123 956 3136 ·
1099 3137 1108 3155 .
1179 3113 1267 3156 rmus
1361 3136 1369 3152 .
1618 3129 1619 3150 r

423 3180 477 3246 nia
493 3179 669 3270 copiosum
680 3109 905 3272 srigllnentnm
917 3203 958 3247 cr
1004 3179 1132 3248 Catone
1150 3195 1326 3271 praecepta
1350 3179 1427 3246 data
1458 3199 1533 3244 om·-

423 3273 576 3340 oratione
592 3293 679 3362 quae
697 3269 894 3338 inscribitur
910 3271 957 3338 de
1003 3271 1099 3338 nium
1116 3297 1232 3341 rerum
1250 3271 1532 3360 expetendarum.

424 3381 534 3444 summ
552 3387 613 3430 ruo
634 3383 713 3426 cum
724 3361 906 3428 Frontonis
920 3383 958 3426 e·
1003 3357 1107 3449 Apud
1120 3363 1266 3431 eundem
1277 3381 1432 3433 mm
1453 3385 1532 3429 om-

297 3519 304 3530 ,
422 3452 558 3543 piatnlia
581 3475 642 3519 noa
659 3449 857 3541 propediem
875 3450 955 3517 ede-
1000 3452 1098 3518 nium
1108 3451 1278 3520 bonerum
1290 3456 1416 3520 artium
1427 3455 1535 3547 magi·

421 3563 523 3612 mna.
824 3629 832 3649 ι
1000 3555 1069 3607 eter
1087 3541 1214 3610 dicitur
1236 3547 1343 3612 Cato.

421 3623 954 3792 ,emeremus
1000 3627 1533 3815 „litterature

422 3813 581 3882 tarchua.
600 3811 669 3882 Adi
687 3831 722 3882 et
737 3809 953 3882 Macrobinm
998 3818 1130 3884 cunctis
1165 3819 1289 3888 Catoni
1323 3840 1532 3910 praeponere

420 3907 532 3976 netu
547 3930 613 3989 tn,
631 3929 695 3974 nec
706 3929 776 3976 non
787 3903 953 3998 Augusti·
998 3929 1069 3976 non
1088 3905 1222 3978 dubitat
1234 3935 1245 3986 r
1259 3911 1352 4002 quod
1364 3909 1533 3982 iudicium

419 3999 554 4068 arumde
563 3995 957 4070 doctchlttncatonia
1003 4001 1533 4092 aequiturSolinuseap.v11.Ca·

356 4109 380 4174 χ
421 4087 511 4160 liber
523 4095 717 4161 ioeoaornm
734 4081 958 4177 trumwi-
1003 4093 1362 4186 tonemetScipionem
1371 4113 1534 4186 exaequat

420 4206 486 4252 τιν
504 4199 711 4252 memoratur
728 4179 880 4252 aTullio
892 4179 949 4247 off.
995 4183 1124 4252 Seneca
1143 4209 1196 4276 ep.
1212 4205 1394 4258 Lxxxvu:
1420 4185 1532 4258 Cato·

420 4274 450 4343 Ι.
470 4303 525 4370 ²9·
546 4279 658 4361 Quare
671 4275 851 4343 mendosus
870 4293 949 4339 cre·
994 4296 1075 4343 nem
1101 4291 1174 4346 tum
1192 4287 1280 4374 reip.
1295 4282 1429 4372 profuit
1446 4305 1530 4348 nas·

418 4367 514 4434 ditur
544 4367 742 4460 Hieronymi
771 4364 868 4435 loeus
896 4387 948 4456 ep.
993 4373 1029 4436 οἱ
1040 4415 1051 4449 ,
1076 4393 1179 4463 quam
1198 4368 1420 4464 Scipionema
1438 4372 1529 4440 alter

421 4475 538 4532 cxxx.
562 4461 614 4546 13,
627 4459 688 4568 nbi
698 4461 745 4534 ait
763 4461 947 4547 cutonem,
989 4466 1086 4538 em'm
1116 4486 1192 4564 oum
1221 4463 1375 4542 torrens
1399 4467 1529 4538 roseis
