3276 5660
267 1071 298 1127 P.
325 1069 391 1137 145·

265 1900 298 1960 Ρ.
320 1908 388 1975 ill.

404 467 530 558 '206
772 497 834 560 nr
867 497 927 560 nr
952 493 1183 562 ruentes

425 613 478 698 de
492 607 755 700 instituendis
773 635 813 696 et
826 612 1126 700 conseruandis
1141 595 1376 697 ciuitatibus
1390 610 1534 726 aptio-

425 790 512 842 rem
530 817 545 862 ,
563 754 734 841 Tubero
753 815 766 861 ‚
784 756 877 842 sore
894 751 1132 842 disserundi
1149 778 1195 846 (a)
1212 739 1357 840 locum
1374 774 1443 841 (¹).
1456 755 1528 838 De

424 899 587 1013 optimo
614 919 752 982 autem
776 919 895 984 statu
908 893 1109 1015 equidem
1127 892 1357 978 arbitrabar
1374 925 1444 979 me
1461 921 1532 980 sa-

425 1051 477 1126 tis
501 1037 780 1153 responlldisse
799 1037 853 1122 ad
871 1037 918 1122 id
933 1038 1053 1156 quod
1074 1037 1305 1155 quaesierat
1328 1033 1527 1120 Laelius.

422 1183 612 1270 Primum
631 1180 745 1264 enim
770 1211 946 1266 numero
965 1175 1211 1286 definieram
1239 1206 1389 1294 genera
1414 1179 1530 1262 ciui-

422 1343 554 1408 tatum
579 1324 654 1406 tria
681 1320 919 1435 probabilia
937 1363 949 1428 3
983 1323 1217 1436 perniciosa
1235 1341 1376 1406 autem
1393 1315 1533 1406 tribus

421 1463 504 1548 illis
520 1445 701 1546 totidem
719 1465 924 1548 contraria
943 1503 954 1568 ς
981 1461 1231 1578 nullumque
1250 1491 1300 1546 ex
1316 1461 1373 1546 eis
1392 1490 1528 1545 unum

422 1633 508 1688 esse
526 1607 736 1717 optimum
758 1646 769 1708 ς
795 1601 870 1688 sed
889 1600 933 1684 id
957 1623 1165 1716 praestare
1182 1601 1357 1719 singulis
1375 1661 1389 1706 ,
1407 1599 1528 1718 quod

421 1775 443 1827 e
473 1741 609 1828 tribus
645 1745 790 1858 primis
816 1763 921 1828 esset
952 1739 1118 1826 modice
1152 1761 1432 1855 temperatum
1448 1767 1529 1834 (π).

422 1879 579 1995 Quodl
605 1905 744 1970 autem
777 1880 968 1996 exemplo
1005 1903 1168 1966 nostrae
1210 1881 1391 1968 ciuitatis
1425 1909 1526 1966 usus

346 2075 348 2084 t
422 2053 515 2108 sum
533 2085 547 2132 ,
564 2055 652 2110 non
669 2023 724 2108 ad
743 2019 1030 2110 definiendum
1049 2027 1256 2140 optimum
1280 2041 1436 2108 statum
1452 2051 1532 2106 ua-

201 3034 215 3064 *
234 3033 383 3105 oxxnr.

424 2162 504 2248 luit
522 2206 533 2270 ς
567 2196 664 2249 nam
682 2163 727 2249 id
750 2161 841 2250 fieri
864 2169 1001 2280 potuit
1017 2167 1107 2250 sine
1126 2159 1319 2276 exemplo
1339 2203 1351 2268 ς
1389 2157 1464 2247 sed
1480 2181 1534 2247 ut

420 2326 506 2398 ath)
531 2307 697 2392 ciuitate
714 2308 891 2392 maxima
915 2305 1057 2392 reabse
1075 2329 1116 2396 (c)
1137 2324 1374 2390 cerneretur
1399 2300 1531 2418 quale
1622 2421 1623 2424 q

420 2467 524 2528 esset
539 2445 585 2530 id
604 2447 724 2566 quod
741 2452 847 2536 ratio
866 2452 1086 2565 oratioque
1104 2444 1355 2532 describeret
1368 2461 1438 2532 (3).
1454 2443 1536 2528 Sin
1622 2537 1623 2568 ι

419 2601 557 2666 autem
581 2587 669 2669 sine
695 2587 822 2672 ullius
846 2586 993 2700 populi
1018 2584 1206 2699 exemplo
1233 2613 1363 2700 genus
1387 2583 1530 2694 ipsum
1622 2579 1623 2582 Ὺ

419 2721 599 2840 exquiris
623 2725 772 2840 optimi
800 2749 964 2830 status,
997 2748 1165 2812 naturae
1192 2725 1375 2840 imagine
1398 2743 1525 2806 uten-

421 2861 523 2947 dum
549 2887 609 2949 est
632 2863 755 2949 nobis
773 2887 850 2970 (ως
885 2869 1089 2984 quoniam
1106 2888 1152 2950 tu
1170 2864 1277 2974 hanc
1301 2863 1527 2978 imaginem

419 3001 534 3090 urbis
563 3028 604 3090 et
635 3005 785 3122 populi
817 3008 862 3091 ni
879 3003 900 3045 *
913 3007 925 3120 Η
944 3023 988 3100 (5)
1009 3073 1049 3093 ,.
1075 3074 1084 3092 .
1105 3001 1124 3092 .’
1526 2987 1532 2996 „

459 3177 504 3245 (a)
529 3169 574 3232 lta
593 3171 658 3230 eod.
680 3193 704 3229 ι.
717 3193 823 3242 manin
841 3181 871 3230 at
890 3193 918 3232 n.
936 3175 1121 3238 disserendi.
1170 3176 1214 3245 (b)
1239 3143 1425 3252 Praepositio
1442 3193 1463 3230 a
1479 3189 1534 3230 su-

416 3257 653 3331 peradditaluit.
679 3262 721 3328 (c)
747 3257 857 3316 Recole
869 3257 950 3319 dicta
968 3259 1005 3316 de
1016 3258 1075 3318 hoc
1085 3257 1232 3334 uocabulo
1248 3255 1301 3331 lib.
1316 3255 1446 3334 1.2.p.5.
1459 3273 1487 3312 n.
1499 3277 1534 3314 a.-

417 3399 488 3465 rep.
509 3377 601 3444 etde
624 3375 756 3469 legibus
787 3378 864 3444 satis
889 3403 949 3446 nos
1044 3375 1097 3471 (3)
1121 3379 1177 3449 Sic
1208 3377 1276 3444 sere
1307 3375 1463 3467 loquitur
1494 3378 1532 3446 in
1620 3357 1621 3424 l

418 3470 562 3550 docent,
583 3486 708 3560 quanta
736 3494 813 3558 pars
832 3469 960 3536 tullia-'
996 3472 1193 3560 prohoemio
1222 3469 1365 3535 Liuius.
1391 3470 1537 3560 Diony-t

418 3581 541 3624 norum
554 3565 757 3651 scriptorum
769 3585 949 3654 argumcn-
996 3566 1065 3629 sius
1093 3579 1207 3631 autem
1238 3562 1281 3630 V.
1308 3566 1349 3654 75
1382 3563 1536 3650 pressius

418 3651 445 3712 ti
465 3652 614 3716 eiusdem
632 3654 859 3720 desideretur.
996 3654 1108 3721 adhuc
1135 3655 1313 3723 Ciceronis
1343 3654 1529 3720 sententiae

466 3739 519 3833 (1)
534 3741 662 3810 Confer
673 3743 754 3810 libri
766 3747 847 3812 serti
858 3745 949 3838 srag-
996 3763 1029 3812 et
1046 3747 1160 3812 uerbis
1178 3746 1360 3812 adhaeret.

418 3853 529 3901 menta
549 3833 753 3904 subiniu'o.
942 3877 946 3888 ·
1038 3835 1092 3930 (4)
1112 3838 1211 3904 Hunc
1222 3835 1340 3904 locum
1354 3836 1448 3905 haud
1460 3838 1532 3905 seio

466 3925 519 4022 (a)
546 3929 613 3994 Ista
643 3931 754 3996 omnia
773 3926 809 3997 in
837 3927 947 4020 primo
995 3955 1037 3994 an
1056 3927 1173 4022 legisse
1191 3931 1409 4017 uideaturlo.
1424 3955 1531 3997 sares-

418 4015 509 4088 lib'ro
526 4035 626 4086 sunt.
643 4024 743 4106 Quod
763 4025 847 4089 sicui
866 4023 948 4088 haec
995 4021 1155 4088 heriensis
1166 4020 1287 4112 polica.
1306 4041 1418 4102 vuar,
1431 4022 1529 4088 cuius

417 4117 538 4206 pagina
549 4111 651 4204 paulo
669 4115 807 4182 breuior
831 4117 949 4180 ceteris
996 4115 1099 4178 uerba
1113 4116 1148 4178 in
1165 4115 1362 4182 testimoniis
1375 4113 1527 4182 laudaui.

419 4229 491 4272 esse
518 4205 679 4287 uidetur,
698 4207 726 4273 is
751 4207 833 4272 sciat
856 4227 950 4270 ema-
1041 4204 1095 4299 (5)
1116 4207 1300 4274 locidimus
1315 4209 1349 4271 in
1358 4209 1529 4297 ingentem

416 4319 580 4364 nuensem
597 4298 701 4366 uerba
715 4297 844 4390 aliquot
864 4297 950 4364 osci·
995 4292 1153 4363 lacunam
1165 4348 1174 4363 .
1186 4301 1268 4368 Sine
1287 4299 1392 4364 dubio
1412 4315 1528 4364 autem

420 4401 529 4456 canter
551 4393 769 4480 repetiuisse‚
799 4391 891 4486 qued
914 4405 949 4459 et
994 4413 1086 4455 nunc
1112 4391 1307 4483 adgreditur
1335 4391 1461 4458 Cicero
1484 4390 1528 4455 ad

417 4473 501 4546 alibi
518 4483 639 4554 eccidit
655 4533 662 4557 .
996 4484 1283 4554 commonendum
1299 4475 1454 4552 illumde
1471 4483 1528 4548 iu⁴
