3262 5662
493 521 517 581 t
544 521 559 580 1
585 522 608 581 u
633 521 657 581 u
682 383 793 582 nii.
1044 561 1049 568 .
1101 497 1186 608 169

93 633 207 724 urbis
238 638 484 754 reppulisset
508 661 584 744 (a),
624 641 810 755 equitatu
842 631 955 720 fudit
984 629 1188 748 belloque

89 776 246 865 deuicit
271 803 349 870 (ι).
381 775 520 898 Atque
538 778 722 866 eundem
745 781 932 893 primum
955 773 1082 859 ludos
1099 803 1189 858 maa

88 921 223 1006 ximos
240 943 269 1026 ‚'
296 926 370 1042 qui
395 925 558 1008 romani
582 921 684 1008 dicti
708 942 805 1006 suut
831 942 911 1022 (π),
944 915 1090 1002 secisse
1115 947 1189 999 ac-

85 1064 311 1176 cepimus:
343 1062 577 1181 aedemque
601 1067 645 1147 iu
670 1061 881 1176 Capitolio
907 1059 1002 1144 Ioui
1028 1060 1190 1172 optimo

88 1207 305 1312 maximo,
336 1205 452 1290 bello
479 1203 655 1310 sabino,
696 1207 741 1286 in
766 1205 851 1315 ipsa
875 1229 1015 1315 pugna
1038 1199 1190 1282 uouis-
1221 1261 1405 1341 ,Qum

86 1372 133 1426 se
159 1368 205 1438 (b)
231 1343 504 1463 facien*ndam
530 1363 577 1437 (t)
607 1405 620 1452 ‚
652 1367 956 1460 mortuumque
980 1353 1067 1427 e'sse
1092 1369 1189 1426 cum
1220 1351 1253 1407 P·
1273 1347 1323 1408 31.

83 1481 176 1573 duo
203 1489 258 1577 de
282 1492 561 1611 quadraginta
585 1493 841 1609 regnauisset
863 1516 995 1571 annos

143 1628 271 1718 XXI.
306 1636 419 1719 Tum
443 1635 645 1738 Laelius,
690 1663 804 1718 nunc
827 1626 874 1716 fit
896 1631 991 1716 illut
1014 1627 1188 1714 Catonis

80 1777 264 1879 certine,
297 1807 373 1862 nec
403 1771 605 1890 temporis
636 1780 762 1860 unius
784 1791 872 1860 'uec
896 1769 1080 1858 hominis
1104 1799 1191 1856 esse

81 1916 426 2018 constitutionem
445 1918 505 2002 rei
523 1915 716 2035 publicae
731 1938 801 2010 <t):
834 1915 1103 2031 perspicuum
1127 1929 1190 2002 est.

84 2059 202 2140 enim
222 2077 376 2172 quauta
395 2060 440 2142 iu
464 2059 652 2176 singulos
675 2091 789 2178 reges
813 2089 953 2146 rerum
977 2055 1190 2140 bonarum

82 2227 122 2290 et
139 2206 310 2292 utilium
328 2205 399 2292 fiat
416 2213 593 2296 accessio
613 2277 624 2294 .
658 2209 743 2296 Sed
758 2213 946 2328 sequitur
961 2211 996 2292 is
1014 2208 1089 2320 qui
1106 2205 1190 2287 mi-‘

79 2341 124 2428 hi
143 2344 316 2432 uidetur
333 2379 381 2432 ex
395 2350 596 2436 omnibus
614 2355 658 2436 iu
674 2351 900 2468 republica
918 2349 1072 2434 uidisse
1086 2349 1191 2463 plu·-

81 2491 243 2574 rimum
264 2505 330 2580 (⁵).
350 2491 409 2574 Ita
428 2515 491 2599 st,
509 2495 646 2611 inquit
662 2497 826 2608 Scipio,
852 2493 894 2581 N
897 2523 964 2576 am
981 2513 1077 2606 post
1091 2519 1190 2574 eum

83 2629 259 2716 Seruius
284 2630 504 2746 Sulipicius
530 2661 575 2756 (ο)Ι
598 2639 759 2750 primus
785 2637 945 2720 iniussu
968 2653 1016 2724 td)
1040 2633 1190 2748 populi
1221 2649 1255 2707 P.
1273 2646 1323 2712 3²·

121 2801 169 2866 (a)
194 2797 239 2854 ltu
258 2795 367 2866 codex,
385 2810 417 2854 ut
437 2797 526 2856 alibi.
569 2801 614 2872 (1))
633 2801 678 2876 lta
700 2801 765 2860 cod.
786 2823 813 2860 2.
832 2819 939 2868 manu3
958 2810 988 2854 ut
1010 2817 1033 2852 t.
1051 2797 1189 2860 bouissc.

120 2883 165 2950 (c)
186 2879 232 2938 lta
251 2880 342 2938 codex
351 2905 360 2950 ;
372 2901 547 2958 quamquam
559 2902 587 2939 α.
598 2901 686 2940 mauu
703 2884 856 2962 expunctis
878 2883 986 2941 litteris
1003 2879 1122 2937 uidetur
1143 2880 1192 2936 se'-
1313 2907 1316 2916 ‚

83 2970 161 3016 ctum
190 2966 316 3020 Tullus.
342 2965 545 3021 Praenominis
566 2977 645 3022 certe
665 2967 790 3022 uarietas
818 2967 968 3044 explorata
987 2977 1044 3032 est;
1063 2983 1190 3038 namque

79 3041 116 3097 ab
133 3043 262 3102 Eusebio
281 3043 382 3100 chron.
400 3046 424 3100 l.
440 3049 485 3111 46.
501 3051 537 3123 47
557 3045 627 3100 etin
644 3049 769 3116 tabulis,
780 3049 908 3121 itemque
925 3047 955 3100 in
973 3045 1087 3101 scholio
1104 3046 1190 3118 Sigo-

78 3123 120 3180 nii
139 3125 179 3182 ed
199 3126 318 3184 Liuium
329 3147 356 3180 x.
371 3127 409 3190 46
429 3125 540 3182 dicitur
557 3132 710 3186 Seruilius
719 3171 728 3196 ,
738 3147 812 3202 quac
823 3139 865 3182 est
876 3127 1024 3181 deriuatio
1034 3145 1050 3178 a
1061 3130 1189 3181 Seruio:

77 3207 155 3264 Sene
172 3218 203 3261 ct
220 3210 347 3265 Sertu'us
363 3210 519 3285 Sulpicius
539 3212 636 3266 Galba
653 3209 728 3286 imp.¹
738 3209 848 3265 dicitur
864 3209 1017 3266 Seruilius
1034 3211 1190 3282 Sulpicius

78 3290 180 3347 Galba
198 3291 346 3347 azonam
364 3311 407 3347 n.
431 3291 475 3348 13.
495 3294 602 3349 Utrum
612 3313 683 3350 uero
693 3293 774 3370 apud
784 3291 910 3367 aliquem
922 3302 1071 3348 auctorem
1081 3309 1131 3346 rex
1139 3287 1191 3346 hic

79 3389 138 3429 non
159 3374 270 3431 Tullus
288 3393 339 3431 seu
360 3377 482 3432 Tullius
499 3375 604 3432 audiat
626 3377 679 3434 sed
693 3380 867 3455 Sulpicius,
890 3374 1022 3432 noudum
1050 3371 1189 3450 equidem

81 3454 149 3512 noui
159 3481 168 3524 t
187 3455 299 3517 sectum
319 3468 417 3514 tumen
434 3471 508 3534 puto
518 3501 527 3528 ,
544 3459 785 3538 quandoquidem
799 3459 830 3515 iu
844 3457 975 3537 Coquaci
992 3456 1189 3518 adnotationi-

80 3536 135 3596 bus
152 3539 192 3596 ed
201 3541 400 3616 Augustiuum
419 3545 498 3600 C·D.
519 3563 615 3602 xvut.
629 3545 667 3624 37
690 3545 779 3618 uideo
802 3544 911 3601 diserte
930 3543 1010 3602 hunc
1027 3563 1125 3619 regem
1144 3541 1189 3600 di-

82 3621 107 3678 ci
124 3629 266 3682 Seruium
285 3627 470 3702 Sulpitium.
496 3628 544 3700 (d)
564 3625 637 3686 cod.
660 3648 687 3712 ‚¹²
701 3649 788 3692 mauu
804 3633 937 3689 iniustus
947 3671 956 3700 ‚
976 3634 1153 3690 2.iuiussu.

125 3731 140 3890 ἱ
145 3757 155 3798 ι
164 3731 184 3822 )
204 3736 350 3841 Tucciae
362 3751 531 3840 practerea
544 3757 608 3824 po-
649 3737 776 3828 pellati
789 3787 797 3842 3
812 3737 856 3804 Hi
866 3736 993 3810 fiebunt
1005 3759 1118 3846 mense
1130 3765 1186 3847 ξε·

83 3841 124 3909 pu
142 3848 206 3890 osa
225 3827 344 3893 Pnsco
362 3829 609 3893 deuictosnar-
653 3827 822 3916 ptembu,
860 3846 943 3896 teste
971 3847 1186 3906 [amitermuo

82 3933 156 3980 rant
165 3916 289 3986 Florus
301 3920 351 3986 1.5
367 3935 400 3984 et
409 3917 550 3984 Orosius
561 3919 607 3982 Π.
655 3916 851 3986 kalendario
860 3923 949 4006 apud
959 3921 987 3987 F
991 3921 1183 4011 ogginium.

83 4003 116 4088 tit
135 4023 266 4074 ueteres
286 4011 423 4076 Latinos
442 4009 562 4075 Liuius
579 4011 608 4076 1.
679 4007 733 4101 (3)
750 4013 839 4076 lacta
851 4011 951 4076 etiam
964 4034 981 4074 a
994 4011 1109 4076 Prisco
1122 4013 1186 4078 Cu·
1293 4028 1303 4052 ⁸

84 4095 125 4165 38
144 4115 177 4165 et
194 4102 316 4168 Victor
334 4126 408 4190 cup.
425 4121 478 4166 vt.
652 4100 764 4194 pitolii
777 4103 992 4177 fundamenta
1012 4101 1185 4168 aiunt-Li·-
1248 4186 1253 4194 .

84 4188 331 4352 uiuit
349 4190 606 4353 ttuuu
654 4191 1183 4379 “titttuttius
1279 4312 1283 4318 -
1360 4193 1363 4202 “

84 4335 330 4444 deindeannui
339 4335 584 4444 mausereludi
596 4421 607 4458 ,
653 4405 692 4446 re
715 4315 929 4468 putetePlato
953 4307 994 4446 de
1009 4337 1079 4472 ieg.
1093 4382 1158 4446 III.
1182 4443 1188 4454 ‚

83 4470 218 4542 romani
234 4473 524 4565 maguipucfuiilie
541 4493 608 4566 app
700 4468 755 4566 (5)
777 4471 890 4544 Seruii
914 4469 1027 4572 Tullii
1058 4469 1186 4550 :leudes

809 4603 866 4659 22
