<?xml version="1.0" encoding="UTF-8"?>
<!DOCTYPE html PUBLIC "-//W3C//DTD XHTML 1.0 Transitional//EN"
    "http://www.w3.org/TR/xhtml1/DTD/xhtml1-transitional.dtd">
<html xmlns="http://www.w3.org/1999/xhtml" xml:lang="en" lang="en">
 <head>
  <title>
</title>
<meta http-equiv="Content-Type" content="text/html;charset=utf-8" />
  <meta name='ocr-system' content='tesseract 3.04.00' />
  <meta name='ocr-capabilities' content='ocr_page ocr_carea ocr_par ocr_line ocrx_word'/>
</head>
<body>
  <div class='ocr_page' id='page_1' title='image "./mtulliciceronis00maigoog/mtulliciceronis00maigoog_0024.png"; bbox 0 0 3314 5658; ppageno 0'>
   <div class='ocr_carea' id='block_1_1' title="bbox 1131 443 1234 534">
    <p class='ocr_par' dir='ltr' id='par_1_1' title="bbox 1131 443 1234 534">
     <span class='ocr_line' id='line_1_1' title="bbox 1131 443 1234 534; baseline -0.058 0"><span class='ocrx_word' id='word_1_1' title='bbox 1131 443 1234 534; x_wconf 79' lang='lat' dir='ltr'><strong>v&#39;utt</strong></span> 
     </span>
    </p>
   </div>
   <div class='ocr_carea' id='block_1_2' title="bbox 131 577 1260 788">
    <p class='ocr_par' dir='ltr' id='par_1_2' title="bbox 131 577 1260 788">
     <span class='ocr_line' id='line_1_2' title="bbox 131 577 1241 682; baseline -0.012 -23"><span class='ocrx_word' id='word_1_2' title='bbox 131 611 217 682; x_wconf 87' lang='lat' dir='ltr'><strong>pum</strong></span> <span class='ocrx_word' id='word_1_3' title='bbox 227 589 343 662; x_wconf 84' lang='lat' dir='ltr'><strong>Varro</strong></span> <span class='ocrx_word' id='word_1_4' title='bbox 354 583 551 679; x_wconf 84' lang='lat' dir='ltr'><strong>proposuit,</strong></span> <span class='ocrx_word' id='word_1_5' title='bbox 564 603 643 650; x_wconf 87' lang='lat' dir='ltr'><strong>oum</strong></span> <span class='ocrx_word' id='word_1_6' title='bbox 652 577 759 648; x_wconf 83' lang='lat' dir='ltr'><strong>libros</strong></span> <span class='ocrx_word' id='word_1_7' title='bbox 771 577 900 671; x_wconf 75' lang='lat' dir='ltr'>scripsit</span> <span class='ocrx_word' id='word_1_8' title='bbox 912 580 954 648; x_wconf 84' lang='lat' dir='ltr'><strong>de</strong></span> <span class='ocrx_word' id='word_1_9' title='bbox 965 581 1031 648; x_wconf 85' lang='lat' dir='ltr'><strong>vita</strong></span> <span class='ocrx_word' id='word_1_10' title='bbox 1045 578 1165 671; x_wconf 86' lang='lat' dir='ltr'><strong>populi</strong></span> <span class='ocrx_word' id='word_1_11' title='bbox 1176 602 1241 646; x_wconf 83' lang='lat' dir='ltr'><strong>rc·-</strong></span> 
     </span>
     <span class='ocr_line' id='line_1_3' title="bbox 132 683 1260 788; baseline -0.017 -23"><span class='ocrx_word' id='word_1_12' title='bbox 132 699 244 765; x_wconf 80' lang='lat' dir='ltr'><strong>mani.</strong></span> <span class='ocrx_word' id='word_1_13' title='bbox 271 697 361 788; x_wconf 83' lang='lat' dir='ltr'><strong>Ergo</strong></span> <span class='ocrx_word' id='word_1_14' title='bbox 380 690 564 783; x_wconf 84' lang='lat' dir='ltr'>Polybium</span> <span class='ocrx_word' id='word_1_15' title='bbox 583 689 761 777; x_wconf 78' lang='lat' dir='ltr'>praecipue</span> <span class='ocrx_word' id='word_1_16' title='bbox 781 703 930 775; x_wconf 86' lang='lat' dir='ltr'><strong>spectans</strong></span> <span class='ocrx_word' id='word_1_17' title='bbox 950 687 1069 755; x_wconf 89' lang='lat' dir='ltr'><strong>Cicero</strong></span> <span class='ocrx_word' id='word_1_18' title='bbox 1087 683 1260 777; x_wconf 80' lang='lat' dir='ltr'><strong>dialogos.</strong></span> 
     </span>
    </p>
   </div>
   <div class='ocr_carea' id='block_1_3' title="bbox 133 793 1478 4526">
    <p class='ocr_par' dir='ltr' id='par_1_3' title="bbox 133 793 1256 2714">
     <span class='ocr_line' id='line_1_4' title="bbox 133 793 1243 891; baseline -0.012 -18"><span class='ocrx_word' id='word_1_19' title='bbox 133 829 213 873; x_wconf 82' lang='lat' dir='ltr'><strong>suos</strong></span> <span class='ocrx_word' id='word_1_20' title='bbox 231 805 275 872; x_wconf 90' lang='lat' dir='ltr'><strong>de</strong></span> <span class='ocrx_word' id='word_1_21' title='bbox 292 827 362 891; x_wconf 86' lang='lat' dir='ltr'><strong>rep.</strong></span> <span class='ocrx_word' id='word_1_22' title='bbox 373 803 410 866; x_wconf 91' lang='lat' dir='ltr'><strong>in</strong></span> <span class='ocrx_word' id='word_1_23' title='bbox 427 799 594 887; x_wconf 77' lang='lat' dir='ltr'><strong>Scipionis</strong></span> <span class='ocrx_word' id='word_1_24' title='bbox 604 793 782 862; x_wconf 85' lang='lat' dir='ltr'><strong>Aemiliani</strong></span> <span class='ocrx_word' id='word_1_25' title='bbox 801 809 834 860; x_wconf 90' lang='lat' dir='ltr'><strong>et</strong></span> <span class='ocrx_word' id='word_1_26' title='bbox 853 817 1029 882; x_wconf 84' lang='lat' dir='ltr'><strong>personam</strong></span> <span class='ocrx_word' id='word_1_27' title='bbox 1048 809 1081 860; x_wconf 89' lang='lat' dir='ltr'><strong>et</strong></span> <span class='ocrx_word' id='word_1_28' title='bbox 1099 811 1243 860; x_wconf 83' lang='lat' dir='ltr'><strong>aetatem</strong></span> 
     </span>
     <span class='ocr_line' id='line_1_5' title="bbox 133 901 1242 998; baseline -0.012 -13"><span class='ocrx_word' id='word_1_29' title='bbox 133 914 282 985; x_wconf 87' lang='lat' dir='ltr'><strong>contulit</strong></span> <span class='ocrx_word' id='word_1_30' title='bbox 296 945 306 980; x_wconf 78' lang='grc' dir='ltr'>ι</span> <span class='ocrx_word' id='word_1_31' title='bbox 318 928 391 980; x_wconf 88' lang='lat' dir='ltr'><strong>erat</strong></span> <span class='ocrx_word' id='word_1_32' title='bbox 409 911 496 977; x_wconf 88' lang='lat' dir='ltr'><strong>enim</strong></span> <span class='ocrx_word' id='word_1_33' title='bbox 514 909 627 996; x_wconf 89' lang='lat' dir='ltr'><strong>Scipio</strong></span> <span class='ocrx_word' id='word_1_34' title='bbox 646 901 815 998; x_wconf 68' lang='lat' dir='ltr'><strong>aspirarent</strong></span> <span class='ocrx_word' id='word_1_35' title='bbox 827 903 972 984; x_wconf 68' lang='lat' dir='ltr'><strong>udatur,</strong></span> <span class='ocrx_word' id='word_1_36' title='bbox 986 905 1069 994; x_wconf 88' lang='lat' dir='ltr'><strong>reip.</strong></span> <span class='ocrx_word' id='word_1_37' title='bbox 1085 905 1242 994; x_wconf 85' lang='lat' dir='ltr'><strong>princeps</strong></span> 
     </span>
     <span class='ocr_line' id='line_1_6' title="bbox 134 992 1244 1105; baseline -0.01 -16"><span class='ocrx_word' id='word_1_38' title='bbox 134 1025 212 1102; x_wconf 78' lang='lat' dir='ltr'><strong>vir,</strong></span> <span class='ocrx_word' id='word_1_39' title='bbox 231 1037 290 1100; x_wconf 75' lang='lat' dir='ltr'><strong>et,</strong></span> <span class='ocrx_word' id='word_1_40' title='bbox 309 1036 349 1091; x_wconf 85' lang='lat' dir='ltr'><strong>nt</strong></span> <span class='ocrx_word' id='word_1_41' title='bbox 365 1015 518 1087; x_wconf 82' lang='lat' dir='ltr'><strong>Velleius</strong></span> <span class='ocrx_word' id='word_1_42' title='bbox 536 1012 690 1105; x_wconf 87' lang='lat' dir='ltr'><strong>loquitur</strong></span> <span class='ocrx_word' id='word_1_43' title='bbox 711 1009 764 1104; x_wconf 83' lang='grc' dir='ltr'><strong>(ι)</strong></span> <span class='ocrx_word' id='word_1_44' title='bbox 785 1059 795 1092; x_wconf 88' lang='grc'>,</span> <span class='ocrx_word' id='word_1_45' title='bbox 815 1013 1096 1079; x_wconf 84' lang='lat' dir='ltr'><strong>eminentissimus</strong></span> <span class='ocrx_word' id='word_1_46' title='bbox 1115 992 1244 1078; x_wconf 84' lang='lat' dir='ltr'><strong>saeculi</strong></span> 
     </span>
     <span class='ocr_line' id='line_1_7' title="bbox 136 1115 1242 1204; baseline -0.011 -10"><span class='ocrx_word' id='word_1_47' title='bbox 136 1130 188 1196; x_wconf 79' lang='lat' dir='ltr'><strong>toi</strong></span> <span class='ocrx_word' id='word_1_48' title='bbox 201 1125 284 1204; x_wconf 80' lang='lat' dir='ltr'><strong>;ills</strong></span> <span class='ocrx_word' id='word_1_49' title='bbox 301 1141 414 1192; x_wconf 88' lang='lat' dir='ltr'><strong>autem</strong></span> <span class='ocrx_word' id='word_1_50' title='bbox 432 1137 521 1188; x_wconf 86' lang='lat' dir='ltr'><strong>aetas</strong></span> <span class='ocrx_word' id='word_1_51' title='bbox 540 1119 671 1186; x_wconf 83' lang='lat' dir='ltr'><strong>romani</strong></span> <span class='ocrx_word' id='word_1_52' title='bbox 689 1119 835 1184; x_wconf 87' lang='lat' dir='ltr'><strong>nominis</strong></span> <span class='ocrx_word' id='word_1_53' title='bbox 855 1115 1080 1184; x_wconf 86' lang='lat' dir='ltr'><strong>illustrissima</strong></span> <span class='ocrx_word' id='word_1_54' title='bbox 1094 1163 1103 1195; x_wconf 86' lang='lat'>‚</span> <span class='ocrx_word' id='word_1_55' title='bbox 1117 1133 1157 1180; x_wconf 92' lang='lat' dir='ltr'><strong>nt</strong></span> <span class='ocrx_word' id='word_1_56' title='bbox 1169 1141 1242 1182; x_wconf 86' lang='lat' dir='ltr'><strong>sae·</strong></span> 
     </span>
     <span class='ocr_line' id='line_1_8' title="bbox 137 1225 1244 1328; baseline -0.013 -24"><span class='ocrx_word' id='word_1_57' title='bbox 137 1260 181 1328; x_wconf 88' lang='lat' dir='ltr'><strong>pe</strong></span> <span class='ocrx_word' id='word_1_58' title='bbox 199 1235 357 1303; x_wconf 86' lang='lat' dir='ltr'><strong>observat</strong></span> <span class='ocrx_word' id='word_1_59' title='bbox 372 1229 560 1324; x_wconf 73' lang='lat' dir='ltr'><strong>Polybius,</strong></span> <span class='ocrx_word' id='word_1_60' title='bbox 585 1227 736 1293; x_wconf 88' lang='lat' dir='ltr'><strong>moribus</strong></span> <span class='ocrx_word' id='word_1_61' title='bbox 755 1228 908 1293; x_wconf 88' lang='lat' dir='ltr'><strong>nondum</strong></span> <span class='ocrx_word' id='word_1_62' title='bbox 927 1225 1026 1314; x_wconf 86' lang='lat' dir='ltr'><strong>plane</strong></span> <span class='ocrx_word' id='word_1_63' title='bbox 1046 1228 1214 1321; x_wconf 75' lang='lat' dir='ltr'><strong>corruptis</strong></span> <span class='ocrx_word' id='word_1_64' title='bbox 1233 1273 1244 1308; x_wconf 83' lang='grc'><em>,</em></span> 
     </span>
     <span class='ocr_line' id='line_1_9' title="bbox 136 1331 1246 1434; baseline -0.012 -24"><span class='ocrx_word' id='word_1_65' title='bbox 136 1343 281 1410; x_wconf 82' lang='lat' dir='ltr'><strong>maxima</strong></span> <span class='ocrx_word' id='word_1_66' title='bbox 300 1337 407 1434; x_wconf 81' lang='lat' dir='ltr'><strong>gloria</strong></span> <span class='ocrx_word' id='word_1_67' title='bbox 425 1336 666 1402; x_wconf 86' lang='lat' dir='ltr'><strong>victoriarum.</strong></span> <span class='ocrx_word' id='word_1_68' title='bbox 686 1334 772 1400; x_wconf 86' lang='lat' dir='ltr'><strong>Nam</strong></span> <span class='ocrx_word' id='word_1_69' title='bbox 785 1331 916 1399; x_wconf 81' lang='lat' dir='ltr'><strong>sublata</strong></span> <span class='ocrx_word' id='word_1_70' title='bbox 935 1333 1140 1424; x_wconf 77' lang='lat' dir='ltr'><strong>Karthagine</strong></span> <span class='ocrx_word' id='word_1_71' title='bbox 1160 1353 1246 1420; x_wconf 84' lang='lat' dir='ltr'><strong>quaa</strong></span> 
     </span>
     <span class='ocr_line' id='line_1_10' title="bbox 140 1438 1246 1533; baseline -0.017 -12"><span class='ocrx_word' id='word_1_72' title='bbox 140 1453 199 1521; x_wconf 89' lang='lat' dir='ltr'><strong>diu</strong></span> <span class='ocrx_word' id='word_1_73' title='bbox 217 1447 352 1516; x_wconf 83' lang='lat' dir='ltr'><strong>tremula</strong></span> <span class='ocrx_word' id='word_1_74' title='bbox 370 1444 503 1533; x_wconf 88' lang='lat' dir='ltr'><strong>imperii</strong></span> <span class='ocrx_word' id='word_1_75' title='bbox 522 1440 613 1522; x_wconf 88' lang='lat' dir='ltr'><strong>fuit,</strong></span> <span class='ocrx_word' id='word_1_76' title='bbox 637 1463 756 1506; x_wconf 87' lang='lat' dir='ltr'><strong>manus</strong></span> <span class='ocrx_word' id='word_1_77' title='bbox 774 1463 849 1506; x_wconf 86' lang='lat' dir='ltr'><strong>snas</strong></span> <span class='ocrx_word' id='word_1_78' title='bbox 870 1440 974 1504; x_wconf 86' lang='lat' dir='ltr'><strong>Roma</strong></span> <span class='ocrx_word' id='word_1_79' title='bbox 993 1438 1029 1502; x_wconf 92' lang='lat' dir='ltr'><strong>in</strong></span> <span class='ocrx_word' id='word_1_80' title='bbox 1048 1454 1157 1503; x_wconf 84' lang='lat' dir='ltr'><strong>toturn</strong></span> <span class='ocrx_word' id='word_1_81' title='bbox 1185 1459 1246 1502; x_wconf 86' lang='lat' dir='ltr'><strong>or-</strong></span> 
     </span>
     <span class='ocr_line' id='line_1_11' title="bbox 137 1543 1247 1640; baseline -0.015 -14"><span class='ocrx_word' id='word_1_82' title='bbox 137 1557 216 1626; x_wconf 86' lang='lat' dir='ltr'><strong>bem</strong></span> <span class='ocrx_word' id='word_1_83' title='bbox 228 1574 318 1626; x_wconf 84' lang='lat' dir='ltr'><strong>terra</strong></span> <span class='ocrx_word' id='word_1_84' title='bbox 331 1553 485 1640; x_wconf 86' lang='lat' dir='ltr'><strong>marique</strong></span> <span class='ocrx_word' id='word_1_85' title='bbox 495 1546 704 1638; x_wconf 79' lang='lat' dir='ltr'><strong>porrexit(a)</strong></span> <span class='ocrx_word' id='word_1_86' title='bbox 716 1597 724 1612; x_wconf 88' lang='lat'><strong><em>.</em></strong></span> <span class='ocrx_word' id='word_1_87' title='bbox 734 1547 814 1614; x_wconf 83' lang='lat' dir='ltr'><strong>Fuit</strong></span> <span class='ocrx_word' id='word_1_88' title='bbox 825 1546 949 1635; x_wconf 90' lang='lat' dir='ltr'><strong>quippe</strong></span> <span class='ocrx_word' id='word_1_89' title='bbox 963 1543 1023 1611; x_wconf 92' lang='lat' dir='ltr'><strong>illo</strong></span> <span class='ocrx_word' id='word_1_90' title='bbox 1035 1567 1114 1610; x_wconf 86' lang='lat' dir='ltr'><strong>aevo</strong></span> <span class='ocrx_word' id='word_1_91' title='bbox 1129 1545 1247 1612; x_wconf 77' lang='lat' dir='ltr'><strong>trium·</strong></span> 
     </span>
     <span class='ocr_line' id='line_1_12' title="bbox 138 1637 1247 1754; baseline -0.015 -24"><span class='ocrx_word' id='word_1_92' title='bbox 138 1663 225 1754; x_wconf 88' lang='lat' dir='ltr'><strong>pbus</strong></span> <span class='ocrx_word' id='word_1_93' title='bbox 245 1657 482 1726; x_wconf 75' lang='lat' dir='ltr'><strong>macedonicus</strong></span> <span class='ocrx_word' id='word_1_94' title='bbox 502 1649 543 1720; x_wconf 89' lang='lat' dir='ltr'><strong>de</strong></span> <span class='ocrx_word' id='word_1_95' title='bbox 562 1655 706 1733; x_wconf 83' lang='lat' dir='ltr'><strong>Perseo,</strong></span> <span class='ocrx_word' id='word_1_96' title='bbox 725 1637 880 1742; x_wconf 87' lang='lat' dir='ltr'><strong>illyricus</strong></span> <span class='ocrx_word' id='word_1_97' title='bbox 900 1653 941 1718; x_wconf 90' lang='lat' dir='ltr'><strong>de</strong></span> <span class='ocrx_word' id='word_1_98' title='bbox 962 1652 1109 1732; x_wconf 87' lang='lat' dir='ltr'><strong>Gentio,</strong></span> <span class='ocrx_word' id='word_1_99' title='bbox 1130 1649 1247 1718; x_wconf 82' lang='lat' dir='ltr'><strong>achai·</strong></span> 
     </span>
     <span class='ocr_line' id='line_1_13' title="bbox 144 1759 1248 1852; baseline -0.015 -12"><span class='ocrx_word' id='word_1_100' title='bbox 144 1797 205 1840; x_wconf 87' lang='lat' dir='ltr'><strong>cns</strong></span> <span class='ocrx_word' id='word_1_101' title='bbox 224 1774 268 1838; x_wconf 91' lang='lat' dir='ltr'><strong>de</strong></span> <span class='ocrx_word' id='word_1_102' title='bbox 293 1763 460 1836; x_wconf 78' lang='lat' dir='ltr'><strong>Corintho</strong></span> <span class='ocrx_word' id='word_1_103' title='bbox 480 1807 496 1846; x_wconf 63' lang='lat'>2</span> <span class='ocrx_word' id='word_1_104' title='bbox 516 1764 655 1852; x_wconf 87' lang='lat' dir='ltr'><strong>punicus</strong></span> <span class='ocrx_word' id='word_1_105' title='bbox 675 1761 718 1826; x_wconf 90' lang='lat' dir='ltr'><strong>de</strong></span> <span class='ocrx_word' id='word_1_106' title='bbox 737 1759 943 1852; x_wconf 83' lang='lat' dir='ltr'><strong>Karthagine</strong></span> <span class='ocrx_word' id='word_1_107' title='bbox 962 1787 974 1838; x_wconf 75' lang='lat'><strong>,-</strong></span> <span class='ocrx_word' id='word_1_108' title='bbox 998 1761 1215 1826; x_wconf 84' lang='lat' dir='ltr'><strong>numantinus</strong></span> <span class='ocrx_word' id='word_1_109' title='bbox 1233 1783 1248 1834; x_wconf 71' lang='grc' dir='ltr'>ι</span> 
     </span>
     <span class='ocr_line' id='line_1_14' title="bbox 145 1863 1250 1968; baseline -0.014 -22"><span class='ocrx_word' id='word_1_110' title='bbox 145 1896 178 1946; x_wconf 88' lang='lat' dir='ltr'><strong>et</strong></span> <span class='ocrx_word' id='word_1_111' title='bbox 188 1891 364 1968; x_wconf 86' lang='lat' dir='ltr'><strong>praeterea</strong></span> <span class='ocrx_word' id='word_1_112' title='bbox 376 1872 418 1938; x_wconf 89' lang='lat' dir='ltr'><strong>de</strong></span> <span class='ocrx_word' id='word_1_113' title='bbox 429 1867 616 1948; x_wconf 87' lang='lat' dir='ltr'><strong>Andrisco,</strong></span> <span class='ocrx_word' id='word_1_114' title='bbox 635 1869 678 1934; x_wconf 91' lang='lat' dir='ltr'><strong>de</strong></span> <span class='ocrx_word' id='word_1_115' title='bbox 696 1865 889 1934; x_wconf 88' lang='lat' dir='ltr'><strong>Aristonico</strong></span> <span class='ocrx_word' id='word_1_116' title='bbox 909 1911 919 1945; x_wconf 83' lang='lat'><strong>‚</strong></span> <span class='ocrx_word' id='word_1_117' title='bbox 939 1864 1064 1958; x_wconf 86' lang='lat' dir='ltr'><strong>aliique</strong></span> <span class='ocrx_word' id='word_1_118' title='bbox 1084 1863 1250 1954; x_wconf 87' lang='lat' dir='ltr'><strong>triumphi</strong></span> 
     </span>
     <span class='ocr_line' id='line_1_15' title="bbox 144 1967 1250 2065; baseline -0.028 -12"><span class='ocrx_word' id='word_1_119' title='bbox 144 1986 318 2053; x_wconf 87' lang='lat' dir='ltr'><strong>minorum</strong></span> <span class='ocrx_word' id='word_1_120' title='bbox 334 1977 533 2046; x_wconf 83' lang='lat' dir='ltr'><strong>nominum.</strong></span> <span class='ocrx_word' id='word_1_121' title='bbox 549 1973 654 2042; x_wconf 90' lang='lat' dir='ltr'><strong>Plena</strong></span> <span class='ocrx_word' id='word_1_122' title='bbox 672 1990 744 2039; x_wconf 87' lang='lat' dir='ltr'><strong>erat</strong></span> <span class='ocrx_word' id='word_1_123' title='bbox 756 1974 884 2065; x_wconf 82' lang='lat' dir='ltr'><strong>graecis</strong></span> <span class='ocrx_word' id='word_1_124' title='bbox 897 1974 1037 2042; x_wconf 87' lang='lat' dir='ltr'><strong>eruditis</strong></span> <span class='ocrx_word' id='word_1_125' title='bbox 1052 1975 1180 2046; x_wconf 55' lang='lat' dir='ltr'><strong>Romu</strong></span> <span class='ocrx_word' id='word_1_126' title='bbox 1200 1967 1250 2036; x_wconf 77' lang='lat' dir='ltr'><strong>ef.</strong></span> 
     </span>
     <span class='ocr_line' id='line_1_16' title="bbox 144 2081 1249 2174; baseline -0.011 -12"><span class='ocrx_word' id='word_1_127' title='bbox 144 2095 298 2162; x_wconf 72' lang='lat' dir='ltr'><strong>serebant</strong></span> <span class='ocrx_word' id='word_1_128' title='bbox 311 2115 344 2158; x_wconf 85' lang='lat' dir='ltr'><strong>se</strong></span> <span class='ocrx_word' id='word_1_129' title='bbox 357 2103 506 2156; x_wconf 88' lang='lat' dir='ltr'><strong>oratores</strong></span> <span class='ocrx_word' id='word_1_130' title='bbox 519 2111 529 2160; x_wconf 76' lang='grc' dir='ltr'>ι</span> <span class='ocrx_word' id='word_1_131' title='bbox 542 2107 661 2152; x_wconf 83' lang='lat' dir='ltr'><strong>recens</strong></span> <span class='ocrx_word' id='word_1_132' title='bbox 671 2107 774 2174; x_wconf 83' lang='lat' dir='ltr'><strong>prope</strong></span> <span class='ocrx_word' id='word_1_133' title='bbox 789 2099 860 2148; x_wconf 89' lang='lat' dir='ltr'><strong>erat</strong></span> <span class='ocrx_word' id='word_1_134' title='bbox 872 2084 972 2148; x_wconf 86' lang='lat' dir='ltr'><strong>Ennii</strong></span> <span class='ocrx_word' id='word_1_135' title='bbox 987 2130 996 2164; x_wconf 86' lang='lat'>‚</span> <span class='ocrx_word' id='word_1_136' title='bbox 1014 2081 1148 2164; x_wconf 79' lang='lat' dir='ltr'><strong>Plauti,</strong></span> <span class='ocrx_word' id='word_1_137' title='bbox 1162 2086 1249 2152; x_wconf 85' lang='lat' dir='ltr'><strong>Cae·</strong></span> 
     </span>
     <span class='ocr_line' id='line_1_17' title="bbox 145 2188 1256 2286; baseline -0.011 -14"><span class='ocrx_word' id='word_1_138' title='bbox 145 2204 238 2286; x_wconf 87' lang='lat' dir='ltr'><strong>cilii,</strong></span> <span class='ocrx_word' id='word_1_139' title='bbox 258 2200 437 2278; x_wconf 83' lang='lat' dir='ltr'><strong>Terentii,</strong></span> <span class='ocrx_word' id='word_1_140' title='bbox 457 2196 619 2274; x_wconf 85' lang='lat' dir='ltr'><strong>Pacuvii,</strong></span> <span class='ocrx_word' id='word_1_141' title='bbox 639 2191 735 2259; x_wconf 85' lang='lat' dir='ltr'><strong>Accii</strong></span> <span class='ocrx_word' id='word_1_142' title='bbox 754 2188 944 2281; x_wconf 84' lang='lat' dir='ltr'><strong>Luciliique</strong></span> <span class='ocrx_word' id='word_1_143' title='bbox 963 2195 1071 2280; x_wconf 70' lang='lat' dir='ltr'><strong>poesis</strong></span> <span class='ocrx_word' id='word_1_144' title='bbox 1091 2243 1099 2257; x_wconf 93' lang='lat'><strong><em>.</em></strong></span> <span class='ocrx_word' id='word_1_145' title='bbox 1120 2195 1256 2260; x_wconf 79' lang='lat' dir='ltr'><strong>Tantus</strong></span> 
     </span>
     <span class='ocr_line' id='line_1_18' title="bbox 134 2297 1252 2400; baseline -0.011 -22"><span class='ocrx_word' id='word_1_146' title='bbox 134 2311 294 2400; x_wconf 84' lang='lat' dir='ltr'><strong>denique</strong></span> <span class='ocrx_word' id='word_1_147' title='bbox 314 2321 386 2373; x_wconf 82' lang='lat' dir='ltr'><strong>erat</strong></span> <span class='ocrx_word' id='word_1_148' title='bbox 404 2326 561 2371; x_wconf 86' lang='lat' dir='ltr'><strong>romanae</strong></span> <span class='ocrx_word' id='word_1_149' title='bbox 580 2298 749 2366; x_wconf 77' lang='lat' dir='ltr'><strong>felicitatis</strong></span> <span class='ocrx_word' id='word_1_150' title='bbox 767 2323 871 2388; x_wconf 81' lang='lat' dir='ltr'><strong>apex,</strong></span> <span class='ocrx_word' id='word_1_151' title='bbox 891 2315 930 2364; x_wconf 90' lang='lat' dir='ltr'><strong>ut</strong></span> <span class='ocrx_word' id='word_1_152' title='bbox 947 2303 1060 2365; x_wconf 77' lang='lat' dir='ltr'><strong>noster</strong></span> <span class='ocrx_word' id='word_1_153' title='bbox 1072 2297 1252 2367; x_wconf 77' lang='lat' dir='ltr'><strong>Africanus</strong></span> 
     </span>
     <span class='ocr_line' id='line_1_19' title="bbox 147 2405 1252 2506; baseline -0.011 -20"><span class='ocrx_word' id='word_1_154' title='bbox 147 2441 269 2486; x_wconf 83' lang='lat' dir='ltr'><strong>censor</strong></span> <span class='ocrx_word' id='word_1_155' title='bbox 287 2411 458 2506; x_wconf 86' lang='lat' dir='ltr'><strong>publicam</strong></span> <span class='ocrx_word' id='word_1_156' title='bbox 476 2409 637 2499; x_wconf 85' lang='lat' dir='ltr'><strong>precandi</strong></span> <span class='ocrx_word' id='word_1_157' title='bbox 665 2405 847 2474; x_wconf 80' lang='lat' dir='ltr'><strong>formulam</strong></span> <span class='ocrx_word' id='word_1_158' title='bbox 876 2407 1073 2472; x_wconf 80' lang='lat' dir='ltr'><strong>mutandam</strong></span> <span class='ocrx_word' id='word_1_159' title='bbox 1102 2411 1252 2474; x_wconf 86' lang='lat' dir='ltr'><strong>curavis-</strong></span> 
     </span>
     <span class='ocr_line' id='line_1_20' title="bbox 154 2499 1255 2616; baseline -0.011 -22"><span class='ocrx_word' id='word_1_160' title='bbox 154 2544 226 2594; x_wconf 80' lang='lat' dir='ltr'><strong>set:</strong></span> <span class='ocrx_word' id='word_1_161' title='bbox 251 2523 365 2616; x_wconf 79' lang='lat' dir='ltr'><strong>rogari</strong></span> <span class='ocrx_word' id='word_1_162' title='bbox 393 2517 523 2586; x_wconf 84' lang='lat' dir='ltr'><strong>scilicet</strong></span> <span class='ocrx_word' id='word_1_163' title='bbox 553 2517 633 2582; x_wconf 86' lang='lat' dir='ltr'><strong>deos</strong></span> <span class='ocrx_word' id='word_1_164' title='bbox 664 2517 833 2595; x_wconf 85' lang='lat' dir='ltr'><strong>iusserat,</strong></span> <span class='ocrx_word' id='word_1_165' title='bbox 858 2535 928 2580; x_wconf 90' lang='lat' dir='ltr'><strong>non</strong></span> <span class='ocrx_word' id='word_1_166' title='bbox 945 2499 1068 2581; x_wconf 61' lang='lat' dir='ltr'><strong>iam‘ut</strong></span> <span class='ocrx_word' id='word_1_167' title='bbox 1093 2531 1255 2608; x_wconf 83' lang='lat' dir='ltr'><strong>augerent</strong></span> 
     </span>
     <span class='ocr_line' id='line_1_21' title="bbox 147 2619 897 2714; baseline -0.02 -11"><span class='ocrx_word' id='word_1_168' title='bbox 147 2657 201 2703; x_wconf 82' lang='lat' dir='ltr'><strong>rea</strong></span> <span class='ocrx_word' id='word_1_169' title='bbox 220 2653 376 2700; x_wconf 82' lang='lat' dir='ltr'><strong>romanas</strong></span> <span class='ocrx_word' id='word_1_170' title='bbox 396 2673 406 2708; x_wconf 92' lang='lat'>‚</span> <span class='ocrx_word' id='word_1_171' title='bbox 432 2629 490 2692; x_wconf 85' lang='lat' dir='ltr'><strong>sed</strong></span> <span class='ocrx_word' id='word_1_172' title='bbox 507 2639 547 2691; x_wconf 89' lang='lat' dir='ltr'><strong>nt</strong></span> <span class='ocrx_word' id='word_1_173' title='bbox 564 2637 800 2690; x_wconf 77' lang='lat' dir='ltr'><strong>conservarent</strong></span> <span class='ocrx_word' id='word_1_174' title='bbox 819 2619 897 2714; x_wconf 81' lang='lat'><strong>(3).</strong></span> 
     </span>
    </p>

    <p class='ocr_par' dir='ltr' id='par_1_4' title="bbox 140 2724 1478 3906">
     <span class='ocr_line' id='line_1_22' title="bbox 207 2724 1475 2826; baseline -0.016 -16"><span class='ocrx_word' id='word_1_175' title='bbox 207 2743 273 2810; x_wconf 88' lang='lat' dir='ltr'><strong>lll.</strong></span> <span class='ocrx_word' id='word_1_176' title='bbox 298 2735 484 2826; x_wconf 74' lang='lat' dir='ltr'><strong>Ceteroqui</strong></span> <span class='ocrx_word' id='word_1_177' title='bbox 509 2733 674 2798; x_wconf 70' lang='lat' dir='ltr'><strong>rollonem</strong></span> <span class='ocrx_word' id='word_1_178' title='bbox 703 2729 874 2797; x_wconf 81' lang='lat' dir='ltr'><strong>scribendi</strong></span> <span class='ocrx_word' id='word_1_179' title='bbox 898 2735 1008 2820; x_wconf 82' lang='lat' dir='ltr'><strong>operis</strong></span> <span class='ocrx_word' id='word_1_180' title='bbox 1025 2755 1095 2800; x_wconf 88' lang='lat' dir='ltr'><strong>non</strong></span> <span class='ocrx_word' id='word_1_181' title='bbox 1112 2733 1251 2802; x_wconf 70' lang='lat' dir='ltr'><strong>semela</strong></span> <span class='ocrx_word' id='word_1_182' title='bbox 1284 2741 1358 2794; x_wconf 85' lang='lat' dir='ltr'><strong>Ratio</strong></span> <span class='ocrx_word' id='word_1_183' title='bbox 1394 2724 1475 2808; x_wconf 75' lang='lat' dir='ltr'><strong>operis</strong></span> 
     </span>
     <span class='ocr_line' id='line_1_23' title="bbox 148 2830 1478 2934; baseline -0.007 -16"><span class='ocrx_word' id='word_1_184' title='bbox 148 2855 313 2925; x_wconf 87' lang='lat' dir='ltr'><strong>Cicerone</strong></span> <span class='ocrx_word' id='word_1_185' title='bbox 342 2847 444 2913; x_wconf 84' lang='lat' dir='ltr'><strong>luisse</strong></span> <span class='ocrx_word' id='word_1_186' title='bbox 473 2845 686 2908; x_wconf 79' lang='lat' dir='ltr'><strong>immutatam</strong></span> <span class='ocrx_word' id='word_1_187' title='bbox 714 2837 921 2929; x_wconf 82' lang='lat' dir='ltr'><strong>exploratum</strong></span> <span class='ocrx_word' id='word_1_188' title='bbox 941 2858 990 2906; x_wconf 90' lang='lat' dir='ltr'><strong>est</strong></span> <span class='ocrx_word' id='word_1_189' title='bbox 1011 2891 1019 2908; x_wconf 91' lang='lat'><strong>.</strong></span> <span class='ocrx_word' id='word_1_190' title='bbox 1043 2841 1186 2912; x_wconf 77' lang='lat' dir='ltr'><strong>Prorsus</strong></span> <span class='ocrx_word' id='word_1_191' title='bbox 1213 2861 1252 2914; x_wconf 88' lang='lat' dir='ltr'><strong>ut</strong></span> <span class='ocrx_word' id='word_1_192' title='bbox 1284 2830 1478 2934; x_wconf 51' lang='lat' dir='ltr'><strong>:ppeconsnu-</strong></span> 
     </span>
     <span class='ocr_line' id='line_1_24' title="bbox 147 2921 1353 3049; baseline -0.004 -24"><span class='ocrx_word' id='word_1_193' title='bbox 147 2957 349 3049; x_wconf 85' lang='lat' dir='ltr'><strong>Euphorion</strong></span> <span class='ocrx_word' id='word_1_194' title='bbox 372 2970 474 3042; x_wconf 87' lang='lat' dir='ltr'><strong>atque</strong></span> <span class='ocrx_word' id='word_1_195' title='bbox 493 2950 674 3018; x_wconf 84' lang='lat' dir='ltr'><strong>Panaetius</strong></span> <span class='ocrx_word' id='word_1_196' title='bbox 694 2944 746 3038; x_wconf 71' lang='grc'><strong>(4)</strong></span> <span class='ocrx_word' id='word_1_197' title='bbox 773 2947 912 3012; x_wconf 88' lang='lat' dir='ltr'><strong>tradunt</strong></span> <span class='ocrx_word' id='word_1_198' title='bbox 941 2948 1049 3036; x_wconf 88' lang='lat' dir='ltr'><strong>ipsum</strong></span> <span class='ocrx_word' id='word_1_199' title='bbox 1080 2949 1260 3022; x_wconf 88' lang='lat' dir='ltr'><strong>Platonem</strong></span> <span class='ocrx_word' id='word_1_200' title='bbox 1346 2921 1353 2936; x_wconf 43' lang='lat'>⁸</span> 
     </span>
     <span class='ocr_line' id='line_1_25' title="bbox 143 3056 1257 3156; baseline -0.008 -20"><span class='ocrx_word' id='word_1_201' title='bbox 143 3093 222 3138; x_wconf 81' lang='lat' dir='ltr'><strong>suae</strong></span> <span class='ocrx_word' id='word_1_202' title='bbox 241 3067 326 3156; x_wconf 90' lang='lat' dir='ltr'><strong>reip.</strong></span> <span class='ocrx_word' id='word_1_203' title='bbox 355 3063 454 3130; x_wconf 89' lang='lat' dir='ltr'><strong>initia</strong></span> <span class='ocrx_word' id='word_1_204' title='bbox 483 3083 579 3150; x_wconf 83' lang='lat' dir='ltr'><strong>saepe</strong></span> <span class='ocrx_word' id='word_1_205' title='bbox 607 3056 808 3124; x_wconf 72' lang='lat' dir='ltr'><strong>subvertisse</strong></span> <span class='ocrx_word' id='word_1_206' title='bbox 828 3077 866 3122; x_wconf 89' lang='lat' dir='ltr'><strong>ac</strong></span> <span class='ocrx_word' id='word_1_207' title='bbox 884 3057 1042 3122; x_wconf 87' lang='lat' dir='ltr'><strong>varianda</strong></span> <span class='ocrx_word' id='word_1_208' title='bbox 1062 3062 1229 3127; x_wconf 79' lang='lat' dir='ltr'><strong>curavisse</strong></span> <span class='ocrx_word' id='word_1_209' title='bbox 1249 3111 1257 3127; x_wconf 91' lang='lat'><strong>.</strong></span> 
     </span>
     <span class='ocr_line' id='line_1_26' title="bbox 152 3163 1296 3262; baseline -0.011 -20"><span class='ocrx_word' id='word_1_210' title='bbox 152 3175 277 3244; x_wconf 83' lang='lat' dir='ltr'><strong>Cicero</strong></span> <span class='ocrx_word' id='word_1_211' title='bbox 305 3170 443 3262; x_wconf 87' lang='lat' dir='ltr'><strong>quidem</strong></span> <span class='ocrx_word' id='word_1_212' title='bbox 464 3169 518 3250; x_wconf 90' lang='lat' dir='ltr'><strong>·Q·</strong></span> <span class='ocrx_word' id='word_1_213' title='bbox 534 3164 631 3230; x_wconf 86' lang='lat' dir='ltr'><strong>sratri</strong></span> <span class='ocrx_word' id='word_1_214' title='bbox 658 3177 802 3239; x_wconf 88' lang='lat' dir='ltr'><strong>narrat,</strong></span> <span class='ocrx_word' id='word_1_215' title='bbox 828 3185 862 3226; x_wconf 91' lang='lat' dir='ltr'><strong>se</strong></span> <span class='ocrx_word' id='word_1_216' title='bbox 885 3163 1051 3250; x_wconf 89' lang='lat' dir='ltr'><strong>principio</strong></span> <span class='ocrx_word' id='word_1_217' title='bbox 1071 3187 1260 3234; x_wconf 85' lang='lat' dir='ltr'><strong>sermonem</strong></span> <span class='ocrx_word' id='word_1_218' title='bbox 1293 3169 1296 3176; x_wconf 89' lang='lat'>&#39;</span> 
     </span>
     <span class='ocr_line' id='line_1_27' title="bbox 153 3263 1260 3356; baseline -0.015 -10"><span class='ocrx_word' id='word_1_219' title='bbox 153 3281 189 3346; x_wconf 89' lang='lat' dir='ltr'><strong>in</strong></span> <span class='ocrx_word' id='word_1_220' title='bbox 200 3301 323 3344; x_wconf 84' lang='lat' dir='ltr'><strong>norem</strong></span> <span class='ocrx_word' id='word_1_221' title='bbox 337 3293 371 3338; x_wconf 82' lang='lat' dir='ltr'><strong>et</strong></span> <span class='ocrx_word' id='word_1_222' title='bbox 381 3276 451 3340; x_wconf 84' lang='lat' dir='ltr'><strong>dies</strong></span> <span class='ocrx_word' id='word_1_223' title='bbox 463 3289 498 3336; x_wconf 87' lang='lat' dir='ltr'><strong>et</strong></span> <span class='ocrx_word' id='word_1_224' title='bbox 506 3270 612 3332; x_wconf 82' lang='lat' dir='ltr'><strong>libros</strong></span> <span class='ocrx_word' id='word_1_225' title='bbox 622 3267 831 3352; x_wconf 83' lang='lat' dir='ltr'><strong>distribuisse</strong></span> <span class='ocrx_word' id='word_1_226' title='bbox 842 3263 908 3356; x_wconf 83' lang='lat'><strong>(5).</strong></span> <span class='ocrx_word' id='word_1_227' title='bbox 919 3265 984 3334; x_wconf 79' lang='lat' dir='ltr'><strong>Sed</strong></span> <span class='ocrx_word' id='word_1_228' title='bbox 996 3267 1084 3335; x_wconf 88' lang='lat' dir='ltr'><strong>enim</strong></span> <span class='ocrx_word' id='word_1_229' title='bbox 1097 3293 1260 3342; x_wconf 69' lang='lat' dir='ltr'><strong>morven-</strong></span> 
     </span>
     <span class='ocr_line' id='line_1_28' title="bbox 154 3370 1259 3476; baseline -0.011 -20"><span class='ocrx_word' id='word_1_230' title='bbox 154 3411 189 3456; x_wconf 78' lang='grc' dir='ltr'><strong>ιι</strong></span> <span class='ocrx_word' id='word_1_231' title='bbox 203 3381 365 3452; x_wconf 82' lang='lat' dir='ltr'><strong>sententia</strong></span> <span class='ocrx_word' id='word_1_232' title='bbox 380 3425 389 3458; x_wconf 88' lang='lat'><strong>‚</strong></span> <span class='ocrx_word' id='word_1_233' title='bbox 403 3401 421 3444; x_wconf 88' lang='lat' dir='ltr'><strong>e</strong></span> <span class='ocrx_word' id='word_1_234' title='bbox 433 3399 556 3443; x_wconf 79' lang='lat' dir='ltr'><strong>novem</strong></span> <span class='ocrx_word' id='word_1_235' title='bbox 567 3395 621 3440; x_wconf 83' lang='lat' dir='ltr'><strong>sax</strong></span> <span class='ocrx_word' id='word_1_236' title='bbox 632 3370 731 3450; x_wconf 83' lang='lat' dir='ltr'><strong>lecit,</strong></span> <span class='ocrx_word' id='word_1_237' title='bbox 746 3385 785 3436; x_wconf 90' lang='lat' dir='ltr'><strong>ut</strong></span> <span class='ocrx_word' id='word_1_238' title='bbox 803 3370 872 3459; x_wconf 88' lang='lat' dir='ltr'><strong>ipse</strong></span> <span class='ocrx_word' id='word_1_239' title='bbox 889 3372 1010 3440; x_wconf 87' lang='lat' dir='ltr'><strong>Cicero</strong></span> <span class='ocrx_word' id='word_1_240' title='bbox 1030 3377 1120 3443; x_wconf 87' lang='lat' dir='ltr'><strong>testis</strong></span> <span class='ocrx_word' id='word_1_241' title='bbox 1140 3398 1189 3445; x_wconf 86' lang='lat' dir='ltr'><strong>est</strong></span> <span class='ocrx_word' id='word_1_242' title='bbox 1205 3381 1259 3476; x_wconf 88' lang='lat'><strong>(6)</strong></span> 
     </span>
     <span class='ocr_line' id='line_1_29' title="bbox 154 3477 1262 3574; baseline 0 -17"><span class='ocrx_word' id='word_1_243' title='bbox 154 3489 266 3564; x_wconf 82' lang='lat' dir='ltr'><strong>etalii</strong></span> <span class='ocrx_word' id='word_1_244' title='bbox 285 3502 439 3553; x_wconf 85' lang='lat' dir='ltr'><strong>auctores</strong></span> <span class='ocrx_word' id='word_1_245' title='bbox 464 3477 836 3574; x_wconf 84' lang='lat' dir='ltr'><strong>passim&#39;conlirmant:</strong></span> <span class='ocrx_word' id='word_1_246' title='bbox 861 3493 1031 3570; x_wconf 87' lang='lat' dir='ltr'><strong>totamque</strong></span> <span class='ocrx_word' id='word_1_247' title='bbox 1058 3484 1262 3574; x_wconf 86' lang='lat' dir='ltr'><strong>disputatio-</strong></span> 
     </span>
     <span class='ocr_line' id='line_1_30' title="bbox 140 3582 1275 3675; baseline -0.004 -7"><span class='ocrx_word' id='word_1_248' title='bbox 140 3622 235 3668; x_wconf 87' lang='lat' dir='ltr'><strong>·nem</strong></span> <span class='ocrx_word' id='word_1_249' title='bbox 253 3594 367 3662; x_wconf 87' lang='lat' dir='ltr'><strong>triduo</strong></span> <span class='ocrx_word' id='word_1_250' title='bbox 385 3586 574 3656; x_wconf 83' lang='lat' dir='ltr'><strong>absolutam</strong></span> <span class='ocrx_word' id='word_1_251' title='bbox 592 3583 702 3651; x_wconf 77' lang='lat' dir='ltr'><strong>voluit</strong></span> <span class='ocrx_word' id='word_1_252' title='bbox 720 3582 800 3675; x_wconf 77' lang='lat'>(7),</span> <span class='ocrx_word' id='word_1_253' title='bbox 823 3585 915 3673; x_wconf 90' lang='lat' dir='ltr'><strong>quod</strong></span> <span class='ocrx_word' id='word_1_254' title='bbox 934 3605 1067 3674; x_wconf 83' lang='lat' dir='ltr'><strong>praeter</strong></span> <span class='ocrx_word' id='word_1_255' title='bbox 1087 3589 1150 3656; x_wconf 85' lang='lat' dir='ltr'><strong>alia</strong></span> <span class='ocrx_word' id='word_1_256' title='bbox 1168 3597 1275 3662; x_wconf 60' lang='lat' dir='ltr'><strong>testi-v</strong></span> 
     </span>
     <span class='ocr_line' id='line_1_31' title="bbox 155 3689 1262 3774; baseline -0.011 0"><span class='ocrx_word' id='word_1_257' title='bbox 155 3707 270 3774; x_wconf 83' lang='lat' dir='ltr'><strong>monia</strong></span> <span class='ocrx_word' id='word_1_258' title='bbox 287 3723 379 3770; x_wconf 88' lang='lat' dir='ltr'><strong>nnnc</strong></span> <span class='ocrx_word' id='word_1_259' title='bbox 397 3697 502 3764; x_wconf 82' lang='lat' dir='ltr'><strong>codex</strong></span> <span class='ocrx_word' id='word_1_260' title='bbox 515 3695 688 3758; x_wconf 83' lang='lat' dir='ltr'><strong>vaticanus</strong></span> <span class='ocrx_word' id='word_1_261' title='bbox 700 3689 906 3758; x_wconf 84' lang='lat' dir='ltr'><strong>demonstrat</strong></span> <span class='ocrx_word' id='word_1_262' title='bbox 920 3739 930 3772; x_wconf 88' lang='lat'><strong>‚</strong></span> <span class='ocrx_word' id='word_1_263' title='bbox 944 3695 988 3760; x_wconf 84' lang='lat' dir='ltr'><strong>ita</strong></span> <span class='ocrx_word' id='word_1_264' title='bbox 1001 3703 1040 3762; x_wconf 88' lang='lat' dir='ltr'><strong>ut</strong></span> <span class='ocrx_word' id='word_1_265' title='bbox 1052 3697 1124 3764; x_wconf 91' lang='lat' dir='ltr'><strong>bini</strong></span> <span class='ocrx_word' id='word_1_266' title='bbox 1143 3701 1262 3770; x_wconf 77' lang='lat' dir='ltr'><strong>diebus</strong></span> 
     </span>
     <span class='ocr_line' id='line_1_32' title="bbox 156 3796 1264 3906; baseline 0.002 -30"><span class='ocrx_word' id='word_1_267' title='bbox 156 3808 299 3906; x_wconf 76' lang='lat' dir='ltr'><strong>singulis</strong></span> <span class='ocrx_word' id='word_1_268' title='bbox 311 3805 393 3874; x_wconf 83' lang='lat' dir='ltr'><strong>libri</strong></span> <span class='ocrx_word' id='word_1_269' title='bbox 403 3803 591 3870; x_wconf 87' lang='lat' dir='ltr'><strong>recitentur</strong></span> <span class='ocrx_word' id='word_1_270' title='bbox 604 3796 675 3890; x_wconf 80' lang='lat'><strong>(8)</strong></span> <span class='ocrx_word' id='word_1_271' title='bbox 700 3798 849 3866; x_wconf 82' lang='lat' dir='ltr'><strong>-Brevr&#39;ati</strong></span> <span class='ocrx_word' id='word_1_272' title='bbox 861 3815 940 3868; x_wconf 88' lang='lat' dir='ltr'><strong>sunt</strong></span> <span class='ocrx_word' id='word_1_273' title='bbox 953 3803 1058 3894; x_wconf 85' lang='lat' dir='ltr'><strong>igitur</strong></span> <span class='ocrx_word' id='word_1_274' title='bbox 1070 3806 1139 3872; x_wconf 88' lang='lat' dir='ltr'><strong>dies</strong></span> <span class='ocrx_word' id='word_1_275' title='bbox 1152 3809 1264 3878; x_wconf 82' lang='lat' dir='ltr'><strong>dialo-</strong></span> 
     </span>
    </p>

    <p class='ocr_par' dir='ltr' id='par_1_5' title="bbox 200 3919 1279 4024">
     <span class='ocr_line' id='line_1_33' title="bbox 200 3919 1279 4024; baseline 0 -16"><span class='ocrx_word' id='word_1_276' title='bbox 200 3959 248 4024; x_wconf 84' lang='lat' dir='ltr'><strong>(r)</strong></span> <span class='ocrx_word' id='word_1_277' title='bbox 272 3945 338 4007; x_wconf 86' lang='lat' dir='ltr'><strong>Lib.</strong></span> <span class='ocrx_word' id='word_1_278' title='bbox 357 3945 382 4003; x_wconf 90' lang='lat' dir='ltr'><strong>l.</strong></span> <span class='ocrx_word' id='word_1_279' title='bbox 406 3965 450 4004; x_wconf 83' lang='lat' dir='ltr'><strong>ta.</strong></span> <span class='ocrx_word' id='word_1_280' title='bbox 577 3947 584 3954; x_wconf 84' lang='lat'><em>&#39;</em></span> <span class='ocrx_word' id='word_1_281' title='bbox 701 3951 703 3956; x_wconf 88' lang='grc'><strong>’</strong></span> <span class='ocrx_word' id='word_1_282' title='bbox 774 3939 820 4011; x_wconf 88' lang='grc'><strong>(6)</strong></span> <span class='ocrx_word' id='word_1_283' title='bbox 844 3936 963 3998; x_wconf 69' lang='lat' dir='ltr'><strong>Addit.</strong></span> <span class='ocrx_word' id='word_1_284' title='bbox 977 3961 1110 4018; x_wconf 79' lang='lat' dir='ltr'><strong>xrtt.19‚</strong></span> <span class='ocrx_word' id='word_1_285' title='bbox 1122 3919 1279 4010; x_wconf 51' lang='lat' dir='ltr'><strong>declivius</strong></span> 
     </span>
    </p>

    <p class='ocr_par' dir='ltr' id='par_1_6' title="bbox 157 4021 1265 4195">
     <span class='ocr_line' id='line_1_34' title="bbox 201 4021 1263 4107; baseline -0.004 -15"><span class='ocrx_word' id='word_1_286' title='bbox 201 4042 249 4107; x_wconf 83' lang='lat' dir='ltr'><strong>(a)</strong></span> <span class='ocrx_word' id='word_1_287' title='bbox 272 4034 384 4090; x_wconf 81' lang='lat' dir='ltr'><strong>Seneca</strong></span> <span class='ocrx_word' id='word_1_288' title='bbox 399 4026 432 4084; x_wconf 92' lang='lat' dir='ltr'><strong>in</strong></span> <span class='ocrx_word' id='word_1_289' title='bbox 451 4021 586 4086; x_wconf 74' lang='lat' dir='ltr'><strong>historiis</strong></span> <span class='ocrx_word' id='word_1_290' title='bbox 608 4023 691 4101; x_wconf 72' lang='lat' dir='ltr'><strong>apud</strong></span> <span class='ocrx_word' id='word_1_291' title='bbox 733 4021 772 4082; x_wconf 85' lang='lat' dir='ltr'><strong>ll.</strong></span> <span class='ocrx_word' id='word_1_292' title='bbox 784 4045 809 4090; x_wconf 90' lang='grc' dir='ltr'><strong>ι,</strong></span> <span class='ocrx_word' id='word_1_293' title='bbox 820 4033 893 4078; x_wconf 85' lang='lat' dir='ltr'><strong>tusc.</strong></span> <span class='ocrx_word' id='word_1_294' title='bbox 906 4043 950 4078; x_wconf 79' lang='grc' dir='ltr'><strong>ιι.</strong></span> <span class='ocrx_word' id='word_1_295' title='bbox 963 4044 988 4092; x_wconf 87' lang='grc' dir='ltr'><strong>ι,</strong></span> <span class='ocrx_word' id='word_1_296' title='bbox 1000 4025 1037 4081; x_wconf 89' lang='lat' dir='ltr'><strong>de</strong></span> <span class='ocrx_word' id='word_1_297' title='bbox 1047 4023 1105 4101; x_wconf 75' lang='lat' dir='ltr'><strong>leg.</strong></span> <span class='ocrx_word' id='word_1_298' title='bbox 1118 4030 1263 4096; x_wconf 79' lang='lat'><em>1.6.111.2‚</em></span> 
     </span>
     <span class='ocr_line' id='line_1_35' title="bbox 157 4103 1265 4195; baseline -0.012 -11"><span class='ocrx_word' id='word_1_299' title='bbox 157 4117 347 4184; x_wconf 67' lang='lat' dir='ltr'><strong>lactantium</strong></span> <span class='ocrx_word' id='word_1_300' title='bbox 362 4113 430 4170; x_wconf 81' lang='lat' dir='ltr'><strong>inst.</strong></span> <span class='ocrx_word' id='word_1_301' title='bbox 442 4133 501 4171; x_wconf 75' lang='lat' dir='ltr'><strong>vu·</strong></span> <span class='ocrx_word' id='word_1_302' title='bbox 523 4109 569 4170; x_wconf 79' lang='lat'><strong>15.</strong></span> <span class='ocrx_word' id='word_1_303' title='bbox 777 4113 823 4186; x_wconf 85' lang='lat'><strong>(7)</strong></span> <span class='ocrx_word' id='word_1_304' title='bbox 846 4103 908 4162; x_wconf 83' lang='lat' dir='ltr'><strong>Cic.</strong></span> <span class='ocrx_word' id='word_1_305' title='bbox 929 4103 966 4162; x_wconf 85' lang='lat' dir='ltr'><strong>de</strong></span> <span class='ocrx_word' id='word_1_306' title='bbox 985 4127 1039 4164; x_wconf 86' lang='lat' dir='ltr'><strong>um.</strong></span> <span class='ocrx_word' id='word_1_307' title='bbox 1053 4129 1109 4178; x_wconf 83' lang='lat' dir='ltr'><strong>tv,</strong></span> <span class='ocrx_word' id='word_1_308' title='bbox 1126 4111 1265 4195; x_wconf 80' lang='lat' dir='ltr'><strong>idemque</strong></span> 
     </span>
    </p>

    <p class='ocr_par' dir='ltr' id='par_1_7' title="bbox 200 4188 1351 4274">
     <span class='ocr_line' id='line_1_36' title="bbox 200 4188 1351 4274; baseline -0.011 -15"><span class='ocrx_word' id='word_1_309' title='bbox 200 4202 250 4274; x_wconf 79' lang='lat'><strong>(3)</strong></span> <span class='ocrx_word' id='word_1_310' title='bbox 273 4197 497 4260; x_wconf 73' lang='lat' dir='ltr'><strong>Valer.hl.1v.</strong></span> <span class='ocrx_word' id='word_1_311' title='bbox 520 4215 544 4252; x_wconf 90' lang='grc' dir='ltr'><strong>ι.</strong></span> <span class='ocrx_word' id='word_1_312' title='bbox 562 4214 607 4251; x_wconf 79' lang='lat' dir='ltr'><strong>vo·</strong></span> <span class='ocrx_word' id='word_1_313' title='bbox 734 4189 815 4268; x_wconf 88' lang='lat' dir='ltr'><strong>apud</strong></span> <span class='ocrx_word' id='word_1_314' title='bbox 832 4188 1013 4246; x_wconf 80' lang='lat' dir='ltr'><strong>Macrobad</strong></span> <span class='ocrx_word' id='word_1_315' title='bbox 1031 4209 1122 4250; x_wconf 87' lang='lat' dir='ltr'><strong>somn.</strong></span> <span class='ocrx_word' id='word_1_316' title='bbox 1140 4197 1204 4270; x_wconf 74' lang='lat' dir='ltr'><strong>L4,</strong></span> <span class='ocrx_word' id='word_1_317' title='bbox 1222 4202 1266 4262; x_wconf 80' lang='lat' dir='ltr'><strong>ti·</strong></span> <span class='ocrx_word' id='word_1_318' title='bbox 1347 4234 1351 4242; x_wconf 69' lang='grc'>,</span> 
     </span>
    </p>

    <p class='ocr_par' dir='ltr' id='par_1_8' title="bbox 201 4269 1293 4363">
     <span class='ocr_line' id='line_1_37' title="bbox 201 4269 1293 4363; baseline -0.016 -23"><span class='ocrx_word' id='word_1_319' title='bbox 201 4291 250 4362; x_wconf 69' lang='grc'><strong>(4)</strong></span> <span class='ocrx_word' id='word_1_320' title='bbox 270 4280 363 4363; x_wconf 80' lang='lat' dir='ltr'><strong>Apud</strong></span> <span class='ocrx_word' id='word_1_321' title='bbox 377 4278 527 4354; x_wconf 72' lang='lat' dir='ltr'><strong>Laenium</strong></span> <span class='ocrx_word' id='word_1_322' title='bbox 539 4277 593 4340; x_wconf 84' lang='lat'>111.</span> <span class='ocrx_word' id='word_1_323' title='bbox 609 4269 659 4337; x_wconf 79' lang='lat'><strong>25.</strong></span> <span class='ocrx_word' id='word_1_324' title='bbox 732 4295 769 4341; x_wconf 80' lang='lat' dir='ltr'><strong>ve</strong></span> <span class='ocrx_word' id='word_1_325' title='bbox 792 4273 829 4328; x_wconf 87' lang='lat' dir='ltr'><strong>de</strong></span> <span class='ocrx_word' id='word_1_326' title='bbox 847 4275 1007 4347; x_wconf 82' lang='lat' dir='ltr'><strong>rep,v1.8.</strong></span> <span class='ocrx_word' id='word_1_327' title='bbox 1290 4339 1293 4344; x_wconf 25' lang='grc' dir='ltr'>Ι</span> 
     </span>
    </p>

    <p class='ocr_par' dir='ltr' id='par_1_9' title="bbox 201 4355 1181 4526">
     <span class='ocr_line' id='line_1_38' title="bbox 201 4355 1181 4526; baseline -0.006 -98"><span class='ocrx_word' id='word_1_328' title='bbox 201 4368 250 4448; x_wconf 74' lang='grc'><strong>(5)</strong></span> <span class='ocrx_word' id='word_1_329' title='bbox 271 4365 322 4425; x_wconf 77' lang='lat' dir='ltr'><strong>tu</strong></span> <span class='ocrx_word' id='word_1_330' title='bbox 338 4359 419 4441; x_wconf 81' lang='lat' dir='ltr'><strong>Q.lr.</strong></span> <span class='ocrx_word' id='word_1_331' title='bbox 435 4361 490 4422; x_wconf 89' lang='lat'>111.</span> <span class='ocrx_word' id='word_1_332' title='bbox 501 4359 532 4434; x_wconf 74' lang='lat'><strong>5.</strong></span> <span class='ocrx_word' id='word_1_333' title='bbox 612 4381 615 4388; x_wconf 93' lang='lat'>·</span> <span class='ocrx_word' id='word_1_334' title='bbox 777 4355 824 4440; x_wconf 65' lang='grc' dir='ltr'><strong>(β)</strong></span> <span class='ocrx_word' id='word_1_335' title='bbox 847 4355 976 4526; x_wconf 75' lang='lat' dir='ltr'><strong>Debrep.</strong></span> <span class='ocrx_word' id='word_1_336' title='bbox 989 4357 1026 4420; x_wconf 89' lang='lat'><strong>11.</strong></span> <span class='ocrx_word' id='word_1_337' title='bbox 1038 4355 1129 4450; x_wconf 75' lang='lat' dir='ltr'><strong>infir.</strong></span> <span class='ocrx_word' id='word_1_338' title='bbox 1178 4401 1181 4406; x_wconf 91' lang='lat'><em>-</em></span> 
     </span>
    </p>
   </div>
   <div class='ocr_carea' id='block_1_4' title="bbox 0 0 1690 5658">
    <p class='ocr_par' dir='ltr' id='par_1_10' title="bbox 0 0 1690 5658">
     <span class='ocr_line' id='line_1_39' title="bbox 0 0 1690 5658; baseline 0 0"><span class='ocrx_word' id='word_1_339' title='bbox 0 0 1690 5658; x_wconf 95' lang='lat' dir='ltr'><strong> </strong></span> 
     </span>
    </p>
   </div>
  </div>
 </body>
</html>
