3276 5660
395 598 401 610 ¹
495 517 821 588 artuum.
1115 495 1205 588 aad

102 623 391 746 patrocinium
416 653 462 726 (a)
486 639 694 752 suscipere
726 636 856 724 uoltis
883 661 965 732 tr>-
1006 625 1137 757 Atqui
1161 653 1208 728 (b)

102 768 154 856 id
172 771 284 878 tibi,
307 776 446 894 inquit
468 774 668 882 Laelius,
699 761 935 864 uerendum
959 795 995 859 st
1013 801 1054 870 (c)
1073 836 1088 882 ‚
1111 779 1146 866 si
1164 807 1210 865 ea

103 903 267 999 dixeris
284 945 392 1034 quae
409 939 554 1006 contra
570 917 766 1004 iustitiam
785 915 1051 1021 desolent,
1084 947 1136 1001 ne
1153 918 1210 1001 sic
1269 933 1274 944 '

102 1050 235 1136 etiam
266 1058 417 1140 sentire
449 1054 657 1161 uideam,
699 1085 803 1174 qum
835 1077 877 1140 et
903 1057 991 1170 ipse
1015 1057 1069 1140 sis
1093 1055 1216 1173 quasi

100 1189 284 1276 unicum
322 1190 561 1307 exemplum
599 1195 794 1310 autiquae
832 1193 1050 1308 probitatis
1083 1217 1124 1280 et
1155 1189 1214 1278 fi-
1286 1289 1292 1310 ι

101 1328 180 1412 dei
198 1353 280 1438 (εὶς
313 1360 452 1450 neque
476 1333 527 1417 sit
550 1335 690 1454 ignota
722 1335 981 1420 consuetudo
1005 1358 1076 1420 tua
1111 1365 1218 1427 con-'¹

101 1471 254 1554 trarias
277 1473 321 1556 in
344 1475 472 1586 partis
491 1469 751 1578 disserendi,
776 1471 896 1590 quod
923 1477 980 1558 ita
1002 1474 1215 1566 facillume

105 1640 268 1698 uerum
298 1611 481 1706 inueniri
510 1633 657 1726 putes,
689 1613 747 1698 Et
771 1613 924 1718 Palus,
957 1613 1216 1726 beianum,

107 1753 273 1868 inquit,
290 1766 432 1876 geram
446 1746 452 1868 Ι
465 1783 628 1838 morem
645 1749 792 1858 uobi5‚
810 1775 852 1837 et
868 1783 935 1839 me
953 1753 1143 1840 oblinam
1162 1775 1210 1850 (a)
1244 1791 1277 1850 p,
1297 1807 1348 1852 22,

101 1899 277 2002 soiens;
310 1895 667 2021 quodquoniam
707 1897 781 2012 qui
817 1899 969 1986 aurum
1009 1923 1218 2016 quaerunt

105 2067 203 2122 non
217 2057 366 2150 putant
383 2033 464 2120 sibi
480 2033 784 2142 recusandum,
809 2068 886 2123 nos
905 2069 1009 2156 qum
1030 2059 1077 2130 (ct)
1097 2043 1217 2126 iusti·-
1290 2075 1327 2128 ,κ
1360 2080 1363 2110 =

103 2179 212 2261 tiam
236 2205 486 2296 quaeramus
504 2234 517 2282 ,
535 2207 625 2274 rem
649 2175 785 2258 multo
811 2181 929 2260 omni
952 2208 1053 2263 auro
1080 2183 1216 2264 cario-

102 2349 201 2406 rem
217 2327 268 2416 (l)
286 2375 301 2428 ‚
333 2319 495 2404 trullam
512 2319 701 2432 profecto
720 2318 954 2410 molestiam
972 2319 1115 2438 fugere
1140 2321 1216 2407 de-

104 2456 292 2547 bemus.
325 2456 464 2578 Atque
488 2461 650 2548 utinam
675 2457 1038 2578 quemadmodum
1063 2466 1219 2552 oratio*

105 2629 161 2689 ne
185 2630 282 2691 sum
306 2629 458 2690 usurus
485 2599 649 2708 aliena,
681 2603 739 2687 sic
762 2600 865 2692 mihi
889 2631 963 2695 ore
986 2603 1050 2689 uti
1074 2601 1221 2698 liceret

147 2839 195 2905 (a)
221 2831 268 2889 lta
287 2829 353 2893 cod.
372 2829 477 2892 molitu
494 2849 581 2908 quam
599 2847 688 2906 supra
705 2826 801 2889 lib.ll.
819 2832 930 2898 rtcum
948 2823 1061 2906 duplici
1072 2851 1121 2900 cc,
1140 2827 1222 2908 quod

102 2921 209 2973 tamen
225 2913 267 2973 ibi
280 2935 395 2991 quoque
407 2915 579 2972 emendaui.
604 2917 651 2984 (b)
675 2917 720 2970 lta
731 2931 758 2972 a.
771 2931 859 2969 manu
869 2938 879 2981 ς
891 2925 919 2968 at
942 2933 966 2969 ι.
977 2914 1071 2992 adqui
1081 2956 1088 2970 .
1113 2922 1154 2986 (c)
1178 2913 1223 2973 lta

103 2999 171 3056 uod.
183 2998 264 3056 sacta
274 2996 447 3074 aphaeresi,
469 2995 585 3052 tametsi
598 2992 769 3069 interposita
780 2995 818 3050 sit
827 3016 867 3056 m.
880 2993 1001 3053 Scilicet
1012 2995 1099 3056 etiarn
1117 2999 1146 3053 in
1161 3017 1225 3057 carn

100 3081 185 3138 mine
195 3079 271 3136 elidi
285 3077 361 3134 solet
370 3097 397 3133 m
407 3119 415 3144 ,
426 3078 495 3152 quia
504 3077 536 3133 in
546 3073 773 3152 pronunciando
783 3076 1034 3153 supprimebatur.
1074 3081 1122 3154 (d)
1146 3078 1221 3138 Coti,
1237 3067 1244 3080 ’

92 3184 134 3230 1ι.
153 3179 248 3218 manu
264 3162 369 3240 queram
386 3171 449 3214 tum
467 3157 564 3216 deleta
582 3177 618 3218 e.

102 3349 199 3420 niet.
232 3341 292 3412 Est
310 3361 423 3412 autem
441 3340 525 3410 baec
557 3363 644 3433 qno·
690 3339 780 3409 iuter
803 3339 895 3410 uiros
918 3342 1025 3413 bonos
1043 3346 1134 3436 apud
1148 3348 1221 3416 Cic.

104 3461 173 3534 qne
193 3434 350 3509 Platonis
369 3437 536 3516 imitatio,
555 3437 645 3527 apud
691 3435 733 3502 de
747 3439 906 3502 ammas
919 3437 995 3504 fidei
1010 3453 1106 3505 causa
1120 3441 1220 3507 Man-

104 3553 214 3622 qucm
227 3529 310 3620 reip.
322 3529 368 3596 11.
379 3529 485 3620 psas
498 3549 570 3602 mos
581 3529 644 3600 So·
691 3528 808 3594 cirrum
827 3528 957 3596 dedidit
970 3532 1184 3597 Numantinis
1200 3581 1209 3600 .

104 3625 212 3690 cratis
247 3619 461 3712 aliorumque
491 3617 645 3710 philoso-
738 3617 792 3710 (3)
817 3619 915 3692 More
940 3643 1058 3688 eorum
1082 3627 1141 3714 qui
1161 3649 1223 3690 au·

102 3713 259 3804 phorum
281 3711 382 3786 fuisse
414 3712 566 3792 dicitur,
603 3727 642 3783 ut
687 3735 769 3782 rum
782 3713 816 3778 in
831 3711 945 3785 lluuiis
958 3733 1223 3804 quaeruut,aut

104 3807 255 3874 iustitiae
278 3801 508 3874 laudationem
533 3829 552 3866 a
571 3804 643 3890 pri-
690 3802 827 3868 metalla
868 3803 993 3878 tellure
1027 3807 1221 3881 effodiunt,

107 3899 172 3970 scis
188 3895 353 3966 heroibus
373 3897 630 3962 exordirentur.
687 3893 817 3962 Confer
828 3891 952 3962 Silium
963 3901 990 3963 Ι.
1006 3901 1085 3976 231,
1098 3914 1131 3963 et
1142 3901 1223 3972 Sta„
1308 3899 1310 3904 ’

109 4045 112 4050 .
154 3987 211 4083 (r)
236 3989 407 4057 Inuidiam
425 3988 460 4051 in
485 4006 522 4049 re
541 3983 645 4050 simili
691 3985 779 4051 tium
797 3983 1101 4078 siluar.1v.7.15.
1303 3999 1315 4012 ⁸

108 4079 149 4149 de
175 4097 334 4148 recantur
353 4077 441 4167 apud
461 4072 640 4140 Platonem
736 4069 789 4168 (4)
815 4073 1008 4144 APlatone
1032 4077 1116 4147 haec
1144 4101 1223 4156 sunt

87 4173 141 4240 'G
158 4167 555 4261 aucoreip.ll.p.361,ot
574 4167 638 4236 So·
689 4167 774 4256 reip.
784 4169 817 4232 l.
831 4191 866 4256 p.
888 4167 966 4238 336:
982 4167 1007 4233 u‘
1021 4166 1082 4255 prb
1092 4173 1223 4259 χρυσίον

106 4281 219 4332 crates
236 4265 281 4330 V.
294 4287 325 4353 p.
349 4261 429 4346 45¹·
685 4256 916 4347 r‘tjmeprv„
947 4258 1151 4330 δικαιοσύνην
1175 4261 1215 4330 dd

155 4353 210 4445 (a)
229 4355 377 4422 Imitatio
395 4375 513 4419 rursus
531 4347 641 4416 Plato·
688 4347 865 4437 ζητοῦντας
887 4397 894 4418 .
922 4349 1059 4440 rapinae
1087 4353 1218 4435 πολλόμ

106 4447 161 4514 nis
180 4461 229 4520 est
240 4445 371 4540 tripli.
385 4444 503 4540 patu.
519 4439 640 4512 Philus
684 4436 823 4534 χρυσίων
837 4439 1047 4532 τιμιώτερον,

834 4566 892 4664 ²9
