3314 5658
1083 487 1230 583 xxxin

104 602 216 664 sunt?
234 591 277 666 Et
296 594 436 688 quidem
453 591 499 666 ita
517 613 551 666 se
569 595 696 665 babent
716 597 737 664 ii
757 595 1047 682 concatenatas,
1080 619 1230 688 quorum
1257 667 1280 690 ο

103 724 168 790 par
186 703 311 774 folium
331 727 370 772 ex
389 706 491 772 unico
513 707 638 772 maiore
668 705 794 793 impari·
807 703 997 772 conlectum
1015 721 1087 772 est.
1121 703 1235 796 Atque

104 811 141 876 in
161 827 235 878 toto
254 811 321 878 hoe
339 813 475 905 negotio
487 815 573 878 ratio
596 815 774 879 curatiuuae
795 813 977 878 sententiae
991 809 1145 876 habende
1166 827 1235 890 est,

106 937 174 1004 qua
193 917 307 998 duce,
331 919 419 984 uotis
438 915 510 984 aliis
540 919 711 984 interdum
730 919 783 982 vix
803 918 1011 1008 indigemus.
1044 915 1234 983 Sententiae

48 1057 61 1081 s
106 1037 223 1088 autem
253 1047 358 1091 nexus
377 1047 458 1090 eum
480 1023 514 1090 in
537 1022 703 1091 historicis
733 1045 829 1112 saepe
854 1023 1081 1100 aritiensem,
1107 1037 1180 1086 tum
1200 1020 1235 1084 iu

112 1127 361 1220 philosophicis
390 1149 450 1198 aut
469 1131 622 1198 oratoriis
650 1129 741 1196 libris
761 1128 863 1218 paulo
888 1147 937 1196 est
955 1125 1176 1204 obvolutione
1202 1145 1237 1194 et

108 1233 222 1302 minus
241 1237 381 1326 quidem
400 1239 436 1304 in
460 1237 597 1330 integris
618 1238 773 1326 scriptis,
793 1237 933 1307 maxime
958 1253 1068 1304 tamea
1087 1237 1121 1302 iu
1138 1235 1236 1304 hian-

111 1339 204 1408 tibus
226 1357 287 1408 aut
315 1335 441 1434 partim
472 1346 677 1412 obscuratis.
710 1347 781 1412 liae
801 1368 862 1436 ego
887 1343 1037 1412 doctrina
1057 1343 1161 1410 srctus
1185 1343 1238 1408 so-

108 1445 154 1514 lia
182 1447 294 1518 omnia
322 1450 454 1541 politici
482 1454 604 1522 codicis
629 1477 646 1517 e
677 1453 763 1518 miro
794 1474 945 1543 vagoque
976 1475 1090 1518 eruore
1119 1451 1161 1516 ad
1181 1475 1238 1516 se·-

107 1561 164 1628 des
197 1585 299 1646 suas,
331 1582 498 1654 quantum
529 1563 651 1645 licuit,
683 1563 860 1632 revocavi.
888 1567 960 1628 lam
984 1565 1045 1630 e'tsi
1072 1559 1235 1651 pleraque

108 1669 283 1758 dispositio
304 1674 484 1742 certissima
502 1691 575 1755 est,
606 1689 684 1740 sunt
703 1687 814 1739 tamen
833 1671 963 1761 aliquot
980 1671 1060 1738 solia
1089 1693 1237 1760 quorum

109 1779 257 1869 genuina
288 1797 323 1846 et
349 1783 489 1872 propria
525 1781 619 1848 sedes
651 1781 795 1848 evidenti
837 1782 977 1844 veritate
1012 1802 1082 1846 non
1120 1793 1235 1868 patera

106 1893 306 1978 praesertim
325 1893 383 1958 uhi
401 1894 506 1960 codex
519 1891 617 1962 valde
637 1891 801 1982 abruptus
815 1909 848 1956 et
861 1889 958 1956 hians
976 1891 1152 1956 materiam
1167 1889 1235 1956 esi·
1254 1885 1274 1896 ’

109 2021 212 2089 guam
229 1997 399 2066 laciniosis
411 2001 493 2067 hine
512 1999 590 2065 inde
604 1996 827 2088 reliquiarum
845 1996 975 2062 sinibus
995 1997 1120 2062 trahit.
1142 1999 1236 2080 Qua-
1344 2067 1351 2079 Ι

101 2105 302 2170 ternionem
320 2121 415 2173 notas
434 2153 445 2188 ‚
471 2127 557 2196 quae
576 2121 654 2172 suut
673 2107 710 2170 in
730 2103 820 2170 calce
840 2100 1102 2184 fasciculorum,
1135 2103 1170 2168 iu
1187 2101 1237 2166 li-

105 2213 208 2280 brum
224 2215 385 2284 transfero
401 2233 519 2296 motas
538 2215 616 2282 item
635 2217 834 2307 paginarum
845 2212 989 2304 urargiui
1008 2209 1120 2278 adliuo
1138 2259 1147 2294 ‚
1163 2236 1232 2277 non

109 2339 177 2390 tam
189 2339 229 2388 ut
241 2341 389 2391 veterem
401 2320 687 2414 perturbationem
700 2324 926 2390 demonstrem
937 2319 955 2412 ἱ(
965 2318 1049 2386 haee
1059 2321 1149 2386 enim
1162 2343 1232 2386 uno

106 2429 212 2496 verbo
233 2430 301 2496 diei
321 2427 476 2521 poterat)
498 2451 600 2520 quant
619 2444 658 2494 ut
681 2428 804 2498 curiosi
830 2425 974 2494 lectores
993 2425 1129 2517 paginas
1149 2421 1230 2491 libri
1261 2479 1265 2484 .

109 2537 173 2604 mei
196 2561 275 2604 eum
294 2538 410 2604 codice
430 2535 639 2604 corrrruodius
659 2533 811 2604 eonlerrc
830 2534 976 2624 possint.
1160 2547 1168 2554 '

155 2647 255 2716 Xlll.
281 2645 456 2734 Scriptura
481 2641 617 2712 tulliani
646 2643 770 2714 codicis
798 2645 939 2734 spatiosa
954 2662 1027 2724 ,nt
1054 2643 1153 2726 dixi,
1178 2644 1447 2732 est'Pslgffl‘lt‘erl‘la

108 2779 148 2822 ae
172 2775 279 2842 prope
307 2751 495 2838 quadratas
520 2752 567 2818 ita
597 2769 708 2822 tamen
728 2769 766 2822 ut
785 2751 918 2842 aliquot
943 2751 1077 2822 litterae
1107 2755 1150 2822 ab
1170 2751 1228 2820 illa
1260 2718 1453 2858 pppppsasude
1525 2785 1535 2792 -

107 2860 257 2954 perlecta
275 2856 512 2950 elaborataque
530 2857 637 2926 lorma
656 2863 842 2942 recedant‚'
861 2881 964 2950 quam
982 2859 1084 2956 vulgo
1104 2859 1234 2950 lapides

109 2992 263 3054 necnon
281 2966 636 3058 quidampalimpsesti
655 2969 821 3036 retinent.
847 2970 893 3036 Ea
911 2981 1038 3057 prostat
1057 2970 1092 3036 in
1104 2988 1231 3040 excuso

111 3105 131 3146 a
146 3101 201 3148 me
212 3077 393 3168 specimine
408 3125 418 3142 .
434 3076 618 3162 Ceteroqui
630 3075 664 3142 id
678 3075 814 3166 grandis
825 3076 1008 3164 scripturae
1022 3075 1232 3165 genuslraud

111 3183 315 3276 plerumque
332 3181 551 3270 auctoribus,
581 3181 639 3249 ssd
659 3179 804 3256 librariis
822 3177 1105 3269 calligraphisque
1124 3179 1232 3250 debe-2

110 3317 208 3360 mus.
230 3291 357 3356 Fronto
376 3289 412 3354 iu
432 3279 584 3378 epishrlis
596 3283 680 3352 a'me
694 3288 889 3375 propediem
907 3287 1045 3356 edendis
1062 3293 1108 3357 ait
1126 3287 1235 3354 sede-

110 3396 229 3465 lectari
248 3395 326 3484 ipsis
344 3391 504 3474 litterulis
523 3387 632 3473 Marci
646 3391 803 3472 -Aurelii;
834 3397 992 3488 cupitque
1013 3397 1071 3466 ubi
1091 3399 1171 3490 quid
1191 3397 1235 3467 ad

111 3530 145 3572 se
163 3503 313 3582 scribet,
334 3527 393 3587 sua
412 3525 512 3582 nunu
535 3503 682 3570 scribat.
704 3506 744 3570 Iu
759 3506 894 3580 Catonis
914 3509 1054 3577 censorii
1073 3509 1142 3576 uita
1157 3529 1230 3594 cap.

111 3635 167 3684 xx
186 3631 303 3682 narrat
321 3611 547 3693 Plutarchus,
572 3614 736 3682 Catonem
756 3615 791 3684 iu
809 3612 872 3680 lilii
890 3603 1029 3708 gratiam
1046 3641 1149 3707 quem
1167 3621 1233 3710 ipae

111 3723 276 3790 doctrinis
296 3719 519 3802 informabat,
538 3743 607 3786 uon
631 3742 799 3789 recusasse
823 3719 975 3796 lahorem
995 3727 1163 3796 scribendi
1180 3727 1233 3793 hi-

110 3835 232 3916 storias
251 3855 312 3898 stra
336 3829 594 3912 maurilionis
605 3831 755 3926 magnit,
791 3834 857 3920 qud
877 3851 964 3921 puer·
987 3837 1075 3904 domi
1094 3835 1236 3910 haberet

112 3939 291 4008 commoda
311 3937 512 4029 exemplaria
532 3937 573 4004 ad
593 3937 751 4005 discenda
769 3939 936 4010 maiorum
956 3927 1130 4010 instituta:
1150 3947 1232 4035 qui.

110 4051 177 4118 hus
196 4050 307 4116 verbis
327 4049 405 4113 satis
425 4043 539 4116 innuit
557 4042 761 4114 Plutarchus
780 4045 882 4112 moris
900 4071 969 4129 non
987 4047 1098 4120 fuisse¹
1115 4067 1151 4118 ut
1170 4077 1231 4127 au.

111 4177 223 4228 utores
242 4155 308 4248 ipsi
326 4153 380 4224 vel
400 4151 527 4224 nobiles
545 4149 610 4222 viri
623 4153 788 4242 scriptura
809 4141 868 4231 illa
888 4173 1025 4242 operosa
1044 4159 1231 4252 grandique

112 4284 219 4338 semet
240 4264 482 4356 defatigarent.
499 4261 617 4352 Neque
634 4285 713 4328 sane
731 4260 886 4328 dubitare
906 4257 987 4328 lieet
1004 4267 1087 4354 quin
1098 4267 1231 4334 ‹liema-

108 4373 148 4442 ni
175 4369 412 4462 quotidianam
430 4378 723 4462 properatamque
745 4365 950 4456 'scripturam
976 4391 1014 4440 aa
1040 4367 1230 4447 litterarum

844 4509 867 4568 Θ

861 4575 879 4606 Χ
