<?xml version="1.0" encoding="UTF-8"?>
<!DOCTYPE html PUBLIC "-//W3C//DTD XHTML 1.0 Transitional//EN"
    "http://www.w3.org/TR/xhtml1/DTD/xhtml1-transitional.dtd">
<html xmlns="http://www.w3.org/1999/xhtml" xml:lang="en" lang="en">
 <head>
  <title>
</title>
<meta http-equiv="Content-Type" content="text/html;charset=utf-8" />
  <meta name='ocr-system' content='tesseract 3.04.00' />
  <meta name='ocr-capabilities' content='ocr_page ocr_carea ocr_par ocr_line ocrx_word'/>
</head>
<body>
  <div class='ocr_page' id='page_1' title='image "./mtulliciceronis00maigoog_0374.png"; bbox 0 0 3286 5658; ppageno 0'>
   <div class='ocr_carea' id='block_1_1' title="bbox 112 491 1227 848">
    <p class='ocr_par' dir='ltr' id='par_1_1' title="bbox 112 491 1227 880">
     <span class='ocr_line' id='line_1_1' title="bbox 195 491 1218 622; baseline 0.014 -36"><span class='ocrx_word' id='word_1_1' title='bbox 195 611 199 622; x_wconf 71' lang='lat'>,</span> <span class='ocrx_word' id='word_1_2' title='bbox 441 545 448 557; x_wconf 93' lang='lat'>·</span> <span class='ocrx_word' id='word_1_3' title='bbox 509 491 927 598; x_wconf 49' lang='lat' dir='ltr'><strong>blb&#39;uurtb&#39;w</strong></span> <span class='ocrx_word' id='word_1_4' title='bbox 1128 509 1218 600; x_wconf 67' lang='grc'><strong>305</strong></span> 
     </span>
     <span class='ocr_line' id='line_1_2' title="bbox 112 620 1227 749; baseline 0.012 -34"><span class='ocrx_word' id='word_1_5' title='bbox 112 620 240 738; x_wconf 60' lang='lat' dir='ltr'><strong>missi</strong></span> <span class='ocrx_word' id='word_1_6' title='bbox 251 621 330 716; x_wconf 68' lang='lat' dir='ltr'><strong>irat</strong></span> <span class='ocrx_word' id='word_1_7' title='bbox 350 640 449 718; x_wconf 85' lang='lat' dir='ltr'><strong>enim</strong></span> <span class='ocrx_word' id='word_1_8' title='bbox 466 643 578 720; x_wconf 88' lang='lat' dir='ltr'><strong>nimis</strong></span> <span class='ocrx_word' id='word_1_9' title='bbox 594 648 682 726; x_wconf 77' lang='lat' dir='ltr'><strong>calio</strong></span> <span class='ocrx_word' id='word_1_10' title='bbox 703 645 868 749; x_wconf 84' lang='lat' dir='ltr'><strong>quodam</strong></span> <span class='ocrx_word' id='word_1_11' title='bbox 887 642 1077 724; x_wconf 81' lang='lat' dir='ltr'><strong>rhetorum</strong></span> <span class='ocrx_word' id='word_1_12' title='bbox 1091 647 1227 727; x_wconf 63' lang='lat' dir='ltr'><strong>bubo·</strong></span> 
     </span>
     <span class='ocr_line' id='line_1_3' title="bbox 112 753 1100 848; baseline 0.014 -9"><span class='ocrx_word' id='word_1_13' title='bbox 112 761 167 848; x_wconf 77' lang='lat' dir='ltr'><strong>¹lus</strong></span> <span class='ocrx_word' id='word_1_14' title='bbox 190 763 235 838; x_wconf 82' lang='lat' dir='ltr'><strong>(a)</strong></span> <span class='ocrx_word' id='word_1_15' title='bbox 253 753 264 837; x_wconf 60' lang='grc'><strong>’.</strong></span> <span class='ocrx_word' id='word_1_16' title='bbox 284 761 438 844; x_wconf 85' lang='lat' dir='ltr'><strong>Nouius</strong></span> <span class='ocrx_word' id='word_1_17' title='bbox 453 797 543 846; x_wconf 81' lang='lat' dir='ltr'><strong>uos.</strong></span> <span class='ocrx_word' id='word_1_18' title='bbox 566 773 734 848; x_wconf 80' lang='lat' dir='ltr'><em>imbuere</em></span> <span class='ocrx_word' id='word_1_19' title='bbox 755 768 774 842; x_wconf 83' lang='lat'><strong>·&#39;</strong></span> <span class='ocrx_word' id='word_1_20' title='bbox 907 763 910 829; x_wconf 82' lang='grc' dir='ltr'>Ϊ</span> <span class='ocrx_word' id='word_1_21' title='bbox 1099 787 1100 792; x_wconf 77' lang='grc'>’</span> 
     </span>
    </p>
   </div>
   <div class='ocr_carea' id='block_1_2' title="bbox 78 983 1229 2313">
    <p class='ocr_par' dir='ltr' id='par_1_2' title="bbox 78 983 1229 2313">
     <span class='ocr_line' id='line_1_4' title="bbox 114 983 1227 1062; baseline 0 -22"><span class='ocrx_word' id='word_1_22' title='bbox 114 1007 118 1016; x_wconf 94' lang='grc'><em>·</em></span> <span class='ocrx_word' id='word_1_23' title='bbox 149 989 163 1054; x_wconf 87' lang='grc'>(</span> <span class='ocrx_word' id='word_1_24' title='bbox 181 989 195 1056; x_wconf 94' lang='grc'>)</span> <span class='ocrx_word' id='word_1_25' title='bbox 216 983 262 1040; x_wconf 91' lang='lat' dir='ltr'><strong>lta</strong></span> <span class='ocrx_word' id='word_1_26' title='bbox 273 987 368 1042; x_wconf 83' lang='lat' dir='ltr'><strong>lotum</strong></span> <span class='ocrx_word' id='word_1_27' title='bbox 384 983 466 1042; x_wconf 83' lang='lat' dir='ltr'><strong>bunc</strong></span> <span class='ocrx_word' id='word_1_28' title='bbox 481 983 580 1043; x_wconf 86' lang='lat' dir='ltr'><strong>locum</strong></span> <span class='ocrx_word' id='word_1_29' title='bbox 597 1003 629 1042; x_wconf 85' lang='lat' dir='ltr'><strong>sc</strong></span> <span class='ocrx_word' id='word_1_30' title='bbox 645 986 803 1044; x_wconf 82' lang='lat' dir='ltr'><strong>correxisse</strong></span> <span class='ocrx_word' id='word_1_31' title='bbox 822 983 932 1042; x_wconf 79' lang='lat' dir='ltr'><strong>uetusti</strong></span> <span class='ocrx_word' id='word_1_32' title='bbox 939 983 1116 1062; x_wconf 76' lang='lat' dir='ltr'><strong>exemplaris</strong></span> <span class='ocrx_word' id='word_1_33' title='bbox 1126 987 1227 1046; x_wconf 57' lang='lat' dir='ltr'><strong>admi-2</strong></span> 
     </span>
     <span class='ocr_line' id='line_1_5' title="bbox 104 1059 1226 1148; baseline 0.001 -23"><span class='ocrx_word' id='word_1_34' title='bbox 104 1067 205 1126; x_wconf 71' lang='lat' dir='ltr'><strong>bibulo</strong></span> <span class='ocrx_word' id='word_1_35' title='bbox 222 1065 264 1122; x_wconf 79' lang='lat' dir='ltr'><strong>uit</strong></span> <span class='ocrx_word' id='word_1_36' title='bbox 282 1066 408 1144; x_wconf 80' lang='lat' dir='ltr'><strong>Pighius</strong></span> <span class='ocrx_word' id='word_1_37' title='bbox 422 1068 461 1123; x_wconf 88' lang='lat' dir='ltr'><strong>ad</strong></span> <span class='ocrx_word' id='word_1_38' title='bbox 481 1088 526 1124; x_wconf 87' lang='lat' dir='ltr'><strong>an.</strong></span> <span class='ocrx_word' id='word_1_39' title='bbox 539 1067 627 1126; x_wconf 72' lang='lat' dir='ltr'><strong>&#39;urbis</strong></span> <span class='ocrx_word' id='word_1_40' title='bbox 643 1089 730 1138; x_wconf 64' lang='lat' dir='ltr'><strong>noxis</strong></span> <span class='ocrx_word' id='word_1_41' title='bbox 742 1072 791 1148; x_wconf 90' lang='lat' dir='ltr'><strong>qui</strong></span> <span class='ocrx_word' id='word_1_42' title='bbox 810 1083 908 1126; x_wconf 83' lang='lat' dir='ltr'><strong>tamen</strong></span> <span class='ocrx_word' id='word_1_43' title='bbox 924 1059 1128 1146; x_wconf 61' lang='lat' dir='ltr'><strong>pid&#39;y&#39;r&#39;rubeus</strong></span> <span class='ocrx_word' id='word_1_44' title='bbox 1148 1073 1226 1130; x_wconf 75' lang='lat' dir='ltr'><strong>scri«</strong></span> 
     </span>
     <span class='ocr_line' id='line_1_6' title="bbox 102 1147 1226 1228; baseline 0 -18"><span class='ocrx_word' id='word_1_45' title='bbox 102 1151 149 1210; x_wconf 83' lang='lat' dir='ltr'><strong>bit</strong></span> <span class='ocrx_word' id='word_1_46' title='bbox 159 1151 291 1228; x_wconf 75' lang='lat' dir='ltr'><strong>probus.</strong></span> <span class='ocrx_word' id='word_1_47' title='bbox 309 1152 371 1206; x_wconf 85' lang='lat' dir='ltr'><strong>lam</strong></span> <span class='ocrx_word' id='word_1_48' title='bbox 389 1148 462 1206; x_wconf 81' lang='lat' dir='ltr'><strong>mihi</strong></span> <span class='ocrx_word' id='word_1_49' title='bbox 473 1151 511 1208; x_wconf 89' lang='lat' dir='ltr'><strong>de</strong></span> <span class='ocrx_word' id='word_1_50' title='bbox 527 1147 758 1226; x_wconf 75' lang='lat' dir='ltr'><strong>hocira&#39;grncnto</strong></span> <span class='ocrx_word' id='word_1_51' title='bbox 769 1153 826 1211; x_wconf 87' lang='lat' dir='ltr'><strong>tria</strong></span> <span class='ocrx_word' id='word_1_52' title='bbox 837 1150 1022 1208; x_wconf 80' lang='lat' dir='ltr'><strong>obseruanda</strong></span> <span class='ocrx_word' id='word_1_53' title='bbox 1039 1165 1124 1208; x_wconf 88' lang='lat' dir='ltr'><strong>sunt.</strong></span> <span class='ocrx_word' id='word_1_54' title='bbox 1140 1175 1164 1210; x_wconf 85' lang='lat' dir='ltr'><strong>s.</strong></span> <span class='ocrx_word' id='word_1_55' title='bbox 1174 1155 1226 1213; x_wconf 51' lang='lat' dir='ltr'><strong>tsi-¹</strong></span> 
     </span>
     <span class='ocr_line' id='line_1_7' title="bbox 103 1232 1227 1308; baseline 0.004 -18"><span class='ocrx_word' id='word_1_56' title='bbox 103 1246 185 1291; x_wconf 87' lang='lat' dir='ltr'><strong>tatur</strong></span> <span class='ocrx_word' id='word_1_57' title='bbox 205 1232 245 1290; x_wconf 86' lang='lat' dir='ltr'><strong>id</strong></span> <span class='ocrx_word' id='word_1_58' title='bbox 261 1251 279 1288; x_wconf 82' lang='lat' dir='ltr'><strong>c</strong></span> <span class='ocrx_word' id='word_1_59' title='bbox 300 1233 414 1308; x_wconf 77' lang='lat' dir='ltr'><strong>quisito·</strong></span> <span class='ocrx_word' id='word_1_60' title='bbox 433 1233 471 1291; x_wconf 85' lang='lat' dir='ltr'><strong>de</strong></span> <span class='ocrx_word' id='word_1_61' title='bbox 492 1249 553 1308; x_wconf 86' lang='lat' dir='ltr'><strong>rep.</strong></span> <span class='ocrx_word' id='word_1_62' title='bbox 573 1255 590 1289; x_wconf 81' lang='lat' dir='ltr'><strong>a</strong></span> <span class='ocrx_word' id='word_1_63' title='bbox 615 1234 711 1291; x_wconf 82' lang='lat' dir='ltr'><strong>Nonio</strong></span> <span class='ocrx_word' id='word_1_64' title='bbox 727 1235 763 1291; x_wconf 90' lang='lat' dir='ltr'><strong>in·</strong></span> <span class='ocrx_word' id='word_1_65' title='bbox 782 1233 987 1302; x_wconf 85' lang='lat' dir='ltr'><strong>editionibus,·</strong></span> <span class='ocrx_word' id='word_1_66' title='bbox 1004 1244 1032 1289; x_wconf 84' lang='lat' dir='ltr'><strong>st</strong></span> <span class='ocrx_word' id='word_1_67' title='bbox 1057 1233 1095 1292; x_wconf 87' lang='lat' dir='ltr'><strong>iu·</strong></span> <span class='ocrx_word' id='word_1_68' title='bbox 1115 1239 1227 1294; x_wconf 81' lang='lat' dir='ltr'><strong>uinctis</strong></span> 
     </span>
     <span class='ocr_line' id='line_1_8' title="bbox 104 1314 1226 1394; baseline 0 -18"><span class='ocrx_word' id='word_1_69' title='bbox 104 1314 260 1376; x_wconf 74' lang='lat' dir='ltr'><strong>codicibus</strong></span> <span class='ocrx_word' id='word_1_70' title='bbox 277 1315 437 1374; x_wconf 86' lang='lat' dir='ltr'><strong>uaticania.</strong></span> <span class='ocrx_word' id='word_1_71' title='bbox 454 1337 481 1375; x_wconf 81' lang='lat' dir='ltr'><strong>a.</strong></span> <span class='ocrx_word' id='word_1_72' title='bbox 500 1319 615 1374; x_wconf 78' lang='lat' dir='ltr'><strong>Nomen</strong></span> <span class='ocrx_word' id='word_1_73' title='bbox 632 1318 793 1378; x_wconf 81' lang='lat' dir='ltr'><strong>Mismm&#39;ius</strong></span> <span class='ocrx_word' id='word_1_74' title='bbox 811 1319 906 1394; x_wconf 78' lang='lat' dir='ltr'><strong>nequi</strong></span> <span class='ocrx_word' id='word_1_75' title='bbox 922 1318 952 1374; x_wconf 84' lang='lat' dir='ltr'><strong>in</strong></span> <span class='ocrx_word' id='word_1_76' title='bbox 975 1315 1127 1374; x_wconf 86' lang='lat' dir='ltr'><strong>codicibus</strong></span> <span class='ocrx_word' id='word_1_77' title='bbox 1141 1319 1226 1376; x_wconf 61' lang='lat' dir='ltr'><strong>&#39;irati-s</strong></span> 
     </span>
     <span class='ocr_line' id='line_1_9' title="bbox 104 1395 1227 1491; baseline 0.001 -34"><span class='ocrx_word' id='word_1_78' title='bbox 104 1399 184 1479; x_wconf 78' lang='lat' dir='ltr'><strong>carris</strong></span> <span class='ocrx_word' id='word_1_79' title='bbox 200 1395 333 1474; x_wconf 79' lang='lat' dir='ltr'><strong>legitur,</strong></span> <span class='ocrx_word' id='word_1_80' title='bbox 354 1397 448 1474; x_wconf 64' lang='lat' dir='ltr'><strong>neque</strong></span> <span class='ocrx_word' id='word_1_81' title='bbox 465 1399 497 1455; x_wconf 86' lang='lat' dir='ltr'><strong>iu</strong></span> <span class='ocrx_word' id='word_1_82' title='bbox 514 1399 714 1470; x_wconf 63' lang='lat' dir='ltr'><strong>editionibus,</strong></span> <span class='ocrx_word' id='word_1_83' title='bbox 731 1399 803 1478; x_wconf 79' lang='lat' dir='ltr'><strong>quas</strong></span> <span class='ocrx_word' id='word_1_84' title='bbox 821 1401 905 1471; x_wconf 85' lang='lat' dir='ltr'><strong>uidi,</strong></span> <span class='ocrx_word' id='word_1_85' title='bbox 922 1403 1041 1475; x_wconf 76' lang='lat' dir='ltr'><strong>excepti</strong></span> <span class='ocrx_word' id='word_1_86' title='bbox 1060 1400 1227 1491; x_wconf 65' lang='lat' dir='ltr'><strong>plantinia-</strong></span> 
     </span>
     <span class='ocr_line' id='line_1_10' title="bbox 103 1480 1226 1558; baseline 0.004 -19"><span class='ocrx_word' id='word_1_87' title='bbox 103 1501 143 1539; x_wconf 86' lang='lat' dir='ltr'><strong>na</strong></span> <span class='ocrx_word' id='word_1_88' title='bbox 153 1524 162 1552; x_wconf 90' lang='lat'><em>‚</em></span> <span class='ocrx_word' id='word_1_89' title='bbox 180 1481 315 1548; x_wconf 80' lang='lat' dir='ltr'><strong>cuiusin</strong></span> <span class='ocrx_word' id='word_1_90' title='bbox 334 1480 465 1557; x_wconf 79' lang='lat' dir='ltr'><strong>margine</strong></span> <span class='ocrx_word' id='word_1_91' title='bbox 487 1481 598 1558; x_wconf 72' lang='lat' dir='ltr'><strong>legitur</strong></span> <span class='ocrx_word' id='word_1_92' title='bbox 613 1491 795 1544; x_wconf 84' lang='lat' dir='ltr'><strong>Mummius.</strong></span> <span class='ocrx_word' id='word_1_93' title='bbox 815 1485 842 1544; x_wconf 79' lang='lat'><strong>3.</strong></span> <span class='ocrx_word' id='word_1_94' title='bbox 856 1483 1043 1542; x_wconf 74' lang='lat' dir='ltr'><strong>Vocabulum</strong></span> <span class='ocrx_word' id='word_1_95' title='bbox 1070 1485 1226 1548; x_wconf 79' lang='lat' dir='ltr'><strong>rhetorum</strong></span> 
     </span>
     <span class='ocr_line' id='line_1_11' title="bbox 104 1563 1224 1644; baseline 0.004 -22"><span class='ocrx_word' id='word_1_96' title='bbox 104 1565 217 1641; x_wconf 76' lang='lat' dir='ltr'><strong>legitur</strong></span> <span class='ocrx_word' id='word_1_97' title='bbox 236 1565 268 1619; x_wconf 87' lang='lat' dir='ltr'><strong>iu</strong></span> <span class='ocrx_word' id='word_1_98' title='bbox 295 1565 366 1623; x_wconf 82' lang='lat' dir='ltr'><strong>edd</strong></span> <span class='ocrx_word' id='word_1_99' title='bbox 383 1563 546 1642; x_wconf 84' lang='lat' dir='ltr'><strong>parisiaca,</strong></span> <span class='ocrx_word' id='word_1_100' title='bbox 561 1566 593 1623; x_wconf 80' lang='lat' dir='ltr'><strong>ia</strong></span> <span class='ocrx_word' id='word_1_101' title='bbox 607 1569 826 1643; x_wconf 79' lang='lat' dir='ltr'><strong>gotofredianu,</strong></span> <span class='ocrx_word' id='word_1_102' title='bbox 846 1568 930 1624; x_wconf 79' lang='lat' dir='ltr'><strong>etin</strong></span> <span class='ocrx_word' id='word_1_103' title='bbox 947 1565 1152 1644; x_wconf 66' lang='lat' dir='ltr'><strong>plantinianas</strong></span> <span class='ocrx_word' id='word_1_104' title='bbox 1170 1569 1224 1628; x_wconf 82' lang='lat' dir='ltr'><strong>ssd</strong></span> 
     </span>
     <span class='ocr_line' id='line_1_12' title="bbox 108 1647 1227 1714; baseline 0.009 -10"><span class='ocrx_word' id='word_1_105' title='bbox 108 1647 189 1705; x_wconf 86' lang='lat' dir='ltr'><strong>idem</strong></span> <span class='ocrx_word' id='word_1_106' title='bbox 200 1647 232 1703; x_wconf 90' lang='lat' dir='ltr'><strong>in</strong></span> <span class='ocrx_word' id='word_1_107' title='bbox 249 1647 401 1706; x_wconf 79' lang='lat' dir='ltr'><strong>codicibus</strong></span> <span class='ocrx_word' id='word_1_108' title='bbox 420 1648 532 1706; x_wconf 86' lang='lat' dir='ltr'><strong>uariat.</strong></span> <span class='ocrx_word' id='word_1_109' title='bbox 544 1651 618 1707; x_wconf 87' lang='lat' dir='ltr'><strong>Nam</strong></span> <span class='ocrx_word' id='word_1_110' title='bbox 637 1663 695 1711; x_wconf 82' lang='lat' dir='ltr'><strong>tres</strong></span> <span class='ocrx_word' id='word_1_111' title='bbox 706 1654 822 1710; x_wconf 87' lang='lat' dir='ltr'><strong>codices</strong></span> <span class='ocrx_word' id='word_1_112' title='bbox 836 1651 963 1710; x_wconf 86' lang='lat' dir='ltr'><strong>uaticani</strong></span> <span class='ocrx_word' id='word_1_113' title='bbox 977 1649 1227 1714; x_wconf 55' lang='lat' dir='ltr'><strong>habeutiNumiut</strong></span> 
     </span>
     <span class='ocr_line' id='line_1_13' title="bbox 107 1733 1228 1808; baseline -0.001 -17"><span class='ocrx_word' id='word_1_114' title='bbox 107 1743 175 1792; x_wconf 74' lang='lat' dir='ltr'><strong>crat</strong></span> <span class='ocrx_word' id='word_1_115' title='bbox 191 1737 268 1789; x_wconf 75' lang='lat' dir='ltr'><strong>sitim</strong></span> <span class='ocrx_word' id='word_1_116' title='bbox 283 1733 353 1790; x_wconf 76' lang='lat' dir='ltr'><strong>odio</strong></span> <span class='ocrx_word' id='word_1_117' title='bbox 371 1751 498 1808; x_wconf 79' lang='lat' dir='ltr'><strong>qnorrrm</strong></span> <span class='ocrx_word' id='word_1_118' title='bbox 524 1733 644 1792; x_wconf 76' lang='lat' dir='ltr'><strong>reorum</strong></span> <span class='ocrx_word' id='word_1_119' title='bbox 665 1739 815 1796; x_wconf 82' lang='lat' dir='ltr'><strong>imbutus.</strong></span> <span class='ocrx_word' id='word_1_120' title='bbox 835 1734 921 1792; x_wconf 82' lang='lat' dir='ltr'><strong>Alius</strong></span> <span class='ocrx_word' id='word_1_121' title='bbox 941 1735 1040 1790; x_wconf 73' lang='lat' dir='ltr'><strong>codex</strong></span> <span class='ocrx_word' id='word_1_122' title='bbox 1056 1748 1116 1791; x_wconf 90' lang='lat' dir='ltr'><strong>uat.</strong></span> <span class='ocrx_word' id='word_1_123' title='bbox 1133 1733 1228 1793; x_wconf 83' lang='lat' dir='ltr'><strong>habet</strong></span> 
     </span>
     <span class='ocr_line' id='line_1_14' title="bbox 109 1815 1227 1902; baseline 0.003 -30"><span class='ocrx_word' id='word_1_124' title='bbox 109 1827 142 1872; x_wconf 90' lang='lat' dir='ltr'><strong>ut</strong></span> <span class='ocrx_word' id='word_1_125' title='bbox 157 1833 265 1902; x_wconf 66' lang='lat' dir='ltr'><strong>surpra,</strong></span> <span class='ocrx_word' id='word_1_126' title='bbox 285 1815 338 1872; x_wconf 84' lang='lat' dir='ltr'><strong>ssd</strong></span> <span class='ocrx_word' id='word_1_127' title='bbox 354 1821 478 1874; x_wconf 74' lang='lat' dir='ltr'><strong>nimium</strong></span> <span class='ocrx_word' id='word_1_128' title='bbox 495 1836 550 1894; x_wconf 88' lang='lat' dir='ltr'><strong>pro</strong></span> <span class='ocrx_word' id='word_1_129' title='bbox 567 1822 710 1880; x_wconf 79' lang='lat' dir='ltr'><strong>Nomius.</strong></span> <span class='ocrx_word' id='word_1_130' title='bbox 727 1815 814 1877; x_wconf 80' lang='lat' dir='ltr'><strong>Alius</strong></span> <span class='ocrx_word' id='word_1_131' title='bbox 831 1819 895 1878; x_wconf 86' lang='lat' dir='ltr'><strong>cod.</strong></span> <span class='ocrx_word' id='word_1_132' title='bbox 917 1819 1046 1876; x_wconf 81' lang='lat' dir='ltr'><strong>Nomius</strong></span> <span class='ocrx_word' id='word_1_133' title='bbox 1063 1829 1127 1878; x_wconf 75' lang='lat' dir='ltr'><strong>erut</strong></span> <span class='ocrx_word' id='word_1_134' title='bbox 1150 1825 1227 1878; x_wconf 82' lang='lat' dir='ltr'><strong>euim</strong></span> 
     </span>
     <span class='ocr_line' id='line_1_15' title="bbox 78 1898 1226 1978; baseline 0.002 -20"><span class='ocrx_word' id='word_1_135' title='bbox 78 1955 80 1966; x_wconf 79' lang='grc'>,</span> <span class='ocrx_word' id='word_1_136' title='bbox 107 1898 180 1958; x_wconf 67' lang='lat' dir='ltr'><strong>sidio</strong></span> <span class='ocrx_word' id='word_1_137' title='bbox 198 1898 329 1978; x_wconf 68' lang='lat' dir='ltr'><strong>quodum</strong></span> <span class='ocrx_word' id='word_1_138' title='bbox 346 1912 374 1957; x_wconf 82' lang='lat' dir='ltr'><strong>et</strong></span> <span class='ocrx_word' id='word_1_139' title='bbox 400 1917 510 1959; x_wconf 82' lang='lat' dir='ltr'><strong>eorum·</strong></span> <span class='ocrx_word' id='word_1_140' title='bbox 527 1901 657 1960; x_wconf 85' lang='lat' dir='ltr'><strong>imbutus</strong></span> <span class='ocrx_word' id='word_1_141' title='bbox 668 1935 681 1962; x_wconf 70' lang='grc' dir='ltr'><strong>,ι</strong></span> <span class='ocrx_word' id='word_1_142' title='bbox 693 1903 756 1961; x_wconf 82' lang='lat' dir='ltr'><strong>Alii</strong></span> <span class='ocrx_word' id='word_1_143' title='bbox 783 1903 843 1960; x_wconf 91' lang='lat' dir='ltr'><strong>duo</strong></span> <span class='ocrx_word' id='word_1_144' title='bbox 865 1906 1040 1970; x_wconf 79' lang='lat' dir='ltr'><strong>Nummius,</strong></span> <span class='ocrx_word' id='word_1_145' title='bbox 1065 1913 1130 1958; x_wconf 81' lang='lat' dir='ltr'><strong>erut</strong></span> <span class='ocrx_word' id='word_1_146' title='bbox 1149 1909 1226 1960; x_wconf 84' lang='lat' dir='ltr'><strong>euim</strong></span> 
     </span>
     <span class='ocr_line' id='line_1_16' title="bbox 108 1981 1226 2066; baseline 0.001 -26"><span class='ocrx_word' id='word_1_147' title='bbox 108 1981 179 2040; x_wconf 77' lang='lat' dir='ltr'><strong>odio</strong></span> <span class='ocrx_word' id='word_1_148' title='bbox 195 1999 327 2060; x_wconf 76' lang='lat' dir='ltr'><strong>quotum</strong></span> <span class='ocrx_word' id='word_1_149' title='bbox 344 1985 496 2042; x_wconf 74' lang='lat' dir='ltr'><strong>rhetorum</strong></span> <span class='ocrx_word' id='word_1_150' title='bbox 522 1985 666 2043; x_wconf 84' lang='lat' dir='ltr'><strong>imbutus.</strong></span> <span class='ocrx_word' id='word_1_151' title='bbox 689 1986 774 2046; x_wconf 82' lang='lat' dir='ltr'><strong>Alius</strong></span> <span class='ocrx_word' id='word_1_152' title='bbox 796 2005 872 2066; x_wconf 68' lang='lat' dir='ltr'><strong>qum</strong></span> <span class='ocrx_word' id='word_1_153' title='bbox 887 1985 1048 2044; x_wconf 79' lang='lat' dir='ltr'><strong>cum&#39;satis</strong></span> <span class='ocrx_word' id='word_1_154' title='bbox 1073 1985 1226 2056; x_wconf 66' lang='lat' dir='ltr'><strong>dixisset,</strong></span> 
     </span>
     <span class='ocr_line' id='line_1_17' title="bbox 108 2065 1229 2149; baseline 0.003 -26"><span class='ocrx_word' id='word_1_155' title='bbox 108 2065 272 2124; x_wconf 78' lang='lat' dir='ltr'><strong>admodum</strong></span> <span class='ocrx_word' id='word_1_156' title='bbox 285 2068 425 2142; x_wconf 76' lang='lat' dir='ltr'><strong>pmbait&#39;s</strong></span> <span class='ocrx_word' id='word_1_157' title='bbox 437 2109 444 2122; x_wconf 86' lang='lat'><strong>.</strong></span> <span class='ocrx_word' id='word_1_158' title='bbox 457 2108 465 2124; x_wconf 84' lang='lat'><strong>.</strong></span> <span class='ocrx_word' id='word_1_159' title='bbox 476 2109 484 2124; x_wconf 88' lang='lat'><strong>.</strong></span> <span class='ocrx_word' id='word_1_160' title='bbox 495 2078 561 2126; x_wconf 79' lang='lat' dir='ltr'><strong>erat</strong></span> <span class='ocrx_word' id='word_1_161' title='bbox 570 2069 641 2128; x_wconf 82' lang='lat' dir='ltr'><strong>odio</strong></span> <span class='ocrx_word' id='word_1_162' title='bbox 650 2091 778 2149; x_wconf 73' lang='lat' dir='ltr'><strong>utrarum</strong></span> <span class='ocrx_word' id='word_1_163' title='bbox 790 2091 887 2128; x_wconf 81' lang='lat' dir='ltr'><strong>rerum</strong></span> <span class='ocrx_word' id='word_1_164' title='bbox 898 2071 1045 2129; x_wconf 80' lang='lat' dir='ltr'><strong>imbutus.</strong></span> <span class='ocrx_word' id='word_1_165' title='bbox 1065 2068 1138 2142; x_wconf 84' lang='lat' dir='ltr'><strong>Quis</strong></span> <span class='ocrx_word' id='word_1_166' title='bbox 1148 2067 1229 2126; x_wconf 87' lang='lat' dir='ltr'><strong>hunc</strong></span> 
     </span>
     <span class='ocr_line' id='line_1_18' title="bbox 108 2146 1228 2228; baseline -0.003 -15"><span class='ocrx_word' id='word_1_167' title='bbox 108 2146 283 2226; x_wconf 64' lang='lat' dir='ltr'><strong>&#39;ethiopem</strong></span> <span class='ocrx_word' id='word_1_168' title='bbox 300 2149 401 2208; x_wconf 67' lang='lat' dir='ltr'><strong>liuel?</strong></span> <span class='ocrx_word' id='word_1_169' title='bbox 421 2150 496 2208; x_wconf 63' lang='lat' dir='ltr'><strong>Sane</strong></span> <span class='ocrx_word' id='word_1_170' title='bbox 522 2169 628 2214; x_wconf 65' lang='lat' dir='ltr'><strong>nomeu</strong></span> <span class='ocrx_word' id='word_1_171' title='bbox 644 2159 809 2213; x_wconf 81' lang='lat' dir='ltr'><strong>Mummius</strong></span> <span class='ocrx_word' id='word_1_172' title='bbox 825 2155 898 2210; x_wconf 81' lang='lat' dir='ltr'><strong>nrire</strong></span> <span class='ocrx_word' id='word_1_173' title='bbox 921 2151 1015 2209; x_wconf 81' lang='lat' dir='ltr'><strong>uariat</strong></span> <span class='ocrx_word' id='word_1_174' title='bbox 1041 2151 1128 2207; x_wconf 86' lang='lat' dir='ltr'><strong>etiam</strong></span> <span class='ocrx_word' id='word_1_175' title='bbox 1146 2153 1228 2228; x_wconf 83' lang='lat' dir='ltr'><strong>apud</strong></span> 
     </span>
     <span class='ocr_line' id='line_1_19' title="bbox 108 2228 1229 2313; baseline 0.004 -23"><span class='ocrx_word' id='word_1_176' title='bbox 108 2228 385 2312; x_wconf 79' lang='lat' dir='ltr'><strong>Val.M.1x.7.3;·et</strong></span> <span class='ocrx_word' id='word_1_177' title='bbox 402 2232 624 2313; x_wconf 71' lang='lat' dir='ltr'><strong>Auuvictmap.</strong></span> <span class='ocrx_word' id='word_1_178' title='bbox 636 2253 731 2307; x_wconf 68' lang='lat' dir='ltr'><strong>sunu</strong></span> <span class='ocrx_word' id='word_1_179' title='bbox 748 2237 856 2294; x_wconf 84' lang='lat' dir='ltr'><strong>inuasit</strong></span> <span class='ocrx_word' id='word_1_180' title='bbox 873 2249 969 2292; x_wconf 87' lang='lat' dir='ltr'><strong>autem</strong></span> <span class='ocrx_word' id='word_1_181' title='bbox 987 2232 1113 2290; x_wconf 85' lang='lat' dir='ltr'><strong>alienam</strong></span> <span class='ocrx_word' id='word_1_182' title='bbox 1128 2236 1229 2294; x_wconf 85' lang='lat' dir='ltr'><strong>sedem</strong></span> 
     </span>
    </p>
   </div>
   <div class='ocr_carea' id='block_1_3' title="bbox 110 2315 1311 2398">
    <p class='ocr_par' dir='ltr' id='par_1_3' title="bbox 110 2315 1311 2398">
     <span class='ocr_line' id='line_1_20' title="bbox 110 2315 1311 2398; baseline 0.003 -26"><span class='ocrx_word' id='word_1_183' title='bbox 110 2316 192 2390; x_wconf 84' lang='lat' dir='ltr'><strong>apud</strong></span> <span class='ocrx_word' id='word_1_184' title='bbox 207 2315 276 2374; x_wconf 81' lang='lat' dir='ltr'><strong>Cic.</strong></span> <span class='ocrx_word' id='word_1_185' title='bbox 292 2335 347 2393; x_wconf 85' lang='lat' dir='ltr'><strong>pro</strong></span> <span class='ocrx_word' id='word_1_186' title='bbox 362 2316 461 2384; x_wconf 66' lang='lat' dir='ltr'><strong>Sestio</strong></span> <span class='ocrx_word' id='word_1_187' title='bbox 479 2317 678 2388; x_wconf 80' lang='lat' dir='ltr'><strong>xr.xxxr,ubi</strong></span> <span class='ocrx_word' id='word_1_188' title='bbox 694 2319 855 2398; x_wconf 74' lang='lat' dir='ltr'><strong>legendum</strong></span> <span class='ocrx_word' id='word_1_189' title='bbox 874 2331 918 2376; x_wconf 84' lang='lat' dir='ltr'><strong>est</strong></span> <span class='ocrx_word' id='word_1_190' title='bbox 934 2321 1080 2386; x_wconf 78' lang='lat' dir='ltr'><strong>ll&#39;inrrirrs,</strong></span> <span class='ocrx_word' id='word_1_191' title='bbox 1098 2327 1155 2396; x_wconf 79' lang='lat' dir='ltr'><strong>pio</strong></span> <span class='ocrx_word' id='word_1_192' title='bbox 1172 2337 1231 2397; x_wconf 85' lang='lat' dir='ltr'><strong>quo</strong></span> <span class='ocrx_word' id='word_1_193' title='bbox 1304 2349 1311 2366; x_wconf 82' lang='lat'><strong>·</strong></span> 
     </span>
    </p>
   </div>
   <div class='ocr_carea' id='block_1_4' title="bbox 108 2399 1235 3303">
    <p class='ocr_par' dir='ltr' id='par_1_4' title="bbox 108 2399 1235 3303">
     <span class='ocr_line' id='line_1_21' title="bbox 108 2399 1230 2476; baseline 0.006 -24"><span class='ocrx_word' id='word_1_194' title='bbox 108 2399 290 2476; x_wconf 81' lang='lat' dir='ltr'><strong>exemplaria</strong></span> <span class='ocrx_word' id='word_1_195' title='bbox 300 2399 412 2476; x_wconf 72' lang='lat' dir='ltr'><strong>habent</strong></span> <span class='ocrx_word' id='word_1_196' title='bbox 421 2407 585 2460; x_wconf 79' lang='lat' dir='ltr'><strong>Mummius</strong></span> <span class='ocrx_word' id='word_1_197' title='bbox 595 2444 604 2471; x_wconf 91' lang='lat'><strong>,</strong></span> <span class='ocrx_word' id='word_1_198' title='bbox 614 2407 748 2464; x_wconf 88' lang='lat' dir='ltr'><strong>Mumius</strong></span> <span class='ocrx_word' id='word_1_199' title='bbox 757 2447 767 2474; x_wconf 91' lang='lat'><em>,</em></span> <span class='ocrx_word' id='word_1_200' title='bbox 779 2410 904 2464; x_wconf 87' lang='lat' dir='ltr'><strong>Mimius</strong></span> <span class='ocrx_word' id='word_1_201' title='bbox 915 2407 1063 2471; x_wconf 84' lang='lat' dir='ltr'><strong>,Numius</strong></span> <span class='ocrx_word' id='word_1_202' title='bbox 1074 2444 1079 2457; x_wconf 95' lang='lat'><em>.</em></span> <span class='ocrx_word' id='word_1_203' title='bbox 1092 2405 1230 2460; x_wconf 85' lang='lat' dir='ltr'><strong>Ceterum</strong></span> 
     </span>
     <span class='ocr_line' id='line_1_22' title="bbox 109 2483 1230 2562; baseline 0.004 -25"><span class='ocrx_word' id='word_1_204' title='bbox 109 2483 245 2542; x_wconf 83' lang='lat' dir='ltr'><strong>Numius</strong></span> <span class='ocrx_word' id='word_1_205' title='bbox 259 2483 371 2559; x_wconf 83' lang='lat' dir='ltr'><strong>legitur</strong></span> <span class='ocrx_word' id='word_1_206' title='bbox 388 2484 420 2541; x_wconf 92' lang='lat' dir='ltr'><strong>in</strong></span> <span class='ocrx_word' id='word_1_207' title='bbox 433 2483 502 2541; x_wconf 85' lang='lat' dir='ltr'><strong>base</strong></span> <span class='ocrx_word' id='word_1_208' title='bbox 518 2483 644 2562; x_wconf 89' lang='lat' dir='ltr'><strong>quadam</strong></span> <span class='ocrx_word' id='word_1_209' title='bbox 661 2486 753 2543; x_wconf 88' lang='lat' dir='ltr'><strong>musei</strong></span> <span class='ocrx_word' id='word_1_210' title='bbox 771 2485 943 2562; x_wconf 87' lang='lat' dir='ltr'><strong>capitolini.</strong></span> <span class='ocrx_word' id='word_1_211' title='bbox 960 2487 1005 2541; x_wconf 86' lang='lat' dir='ltr'><strong>De</strong></span> <span class='ocrx_word' id='word_1_212' title='bbox 1023 2489 1164 2544; x_wconf 77' lang='lat' dir='ltr'><strong>Numinis</strong></span> <span class='ocrx_word' id='word_1_213' title='bbox 1173 2505 1230 2562; x_wconf 91' lang='lat' dir='ltr'><strong>pro</strong></span> 
     </span>
     <span class='ocr_line' id='line_1_23' title="bbox 108 2566 1233 2645; baseline 0.004 -25"><span class='ocrx_word' id='word_1_214' title='bbox 108 2566 252 2626; x_wconf 73' lang='lat' dir='ltr'><strong>Mamurio</strong></span> <span class='ocrx_word' id='word_1_215' title='bbox 269 2566 380 2624; x_wconf 90' lang='lat' dir='ltr'><strong>uidcsis</strong></span> <span class='ocrx_word' id='word_1_216' title='bbox 399 2567 435 2624; x_wconf 89' lang='lat' dir='ltr'><strong>cl.</strong></span> <span class='ocrx_word' id='word_1_217' title='bbox 455 2570 545 2626; x_wconf 87' lang='lat' dir='ltr'><strong>Feam</strong></span> <span class='ocrx_word' id='word_1_218' title='bbox 565 2569 669 2644; x_wconf 82' lang='lat' dir='ltr'><strong>fragm.</strong></span> <span class='ocrx_word' id='word_1_219' title='bbox 689 2569 836 2628; x_wconf 88' lang='lat' dir='ltr'><strong>consular.</strong></span> <span class='ocrx_word' id='word_1_220' title='bbox 847 2587 877 2645; x_wconf 85' lang='lat' dir='ltr'><strong>p.</strong></span> <span class='ocrx_word' id='word_1_221' title='bbox 889 2586 978 2626; x_wconf 75' lang='lat' dir='ltr'><strong>sarri.</strong></span> <span class='ocrx_word' id='word_1_222' title='bbox 992 2569 1037 2624; x_wconf 83' lang='grc' dir='ltr'><strong>ιθ.</strong></span> <span class='ocrx_word' id='word_1_223' title='bbox 1057 2569 1132 2626; x_wconf 86' lang='lat' dir='ltr'><strong>Saus</strong></span> <span class='ocrx_word' id='word_1_224' title='bbox 1151 2569 1233 2645; x_wconf 88' lang='lat' dir='ltr'><strong>quod</strong></span> 
     </span>
     <span class='ocr_line' id='line_1_24' title="bbox 110 2647 1233 2729; baseline 0.005 -27"><span class='ocrx_word' id='word_1_225' title='bbox 110 2647 273 2708; x_wconf 78' lang='lat' dir='ltr'><strong>Mummius</strong></span> <span class='ocrx_word' id='word_1_226' title='bbox 288 2661 408 2720; x_wconf 83' lang='lat' dir='ltr'><strong>noster,</strong></span> <span class='ocrx_word' id='word_1_227' title='bbox 426 2649 516 2708; x_wconf 89' lang='lat' dir='ltr'><strong>homo</strong></span> <span class='ocrx_word' id='word_1_228' title='bbox 530 2671 547 2705; x_wconf 90' lang='lat' dir='ltr'><strong>a</strong></span> <span class='ocrx_word' id='word_1_229' title='bbox 564 2651 759 2728; x_wconf 90' lang='lat' dir='ltr'><strong>popularibus</strong></span> <span class='ocrx_word' id='word_1_230' title='bbox 773 2651 927 2729; x_wconf 85' lang='lat' dir='ltr'><strong>partibus,</strong></span> <span class='ocrx_word' id='word_1_231' title='bbox 939 2649 1019 2726; x_wconf 88' lang='lat' dir='ltr'><strong>apud</strong></span> <span class='ocrx_word' id='word_1_232' title='bbox 1037 2669 1109 2724; x_wconf 84' lang='lat' dir='ltr'><strong>quas</strong></span> <span class='ocrx_word' id='word_1_233' title='bbox 1127 2665 1233 2727; x_wconf 78' lang='lat' dir='ltr'><strong>regnat</strong></span> 
     </span>
     <span class='ocr_line' id='line_1_25' title="bbox 111 2727 1234 2813; baseline 0.006 -31"><span class='ocrx_word' id='word_1_234' title='bbox 111 2727 282 2807; x_wconf 81' lang='lat' dir='ltr'><strong>eloquentia</strong></span> <span class='ocrx_word' id='word_1_235' title='bbox 290 2731 401 2803; x_wconf 83' lang='lat' dir='ltr'><strong>‚ualde</strong></span> <span class='ocrx_word' id='word_1_236' title='bbox 416 2731 575 2792; x_wconf 75' lang='lat' dir='ltr'><strong>abhorrens</strong></span> <span class='ocrx_word' id='word_1_237' title='bbox 595 2735 656 2805; x_wconf 92' lang='lat' dir='ltr'><strong>(de</strong></span> <span class='ocrx_word' id='word_1_238' title='bbox 671 2733 829 2813; x_wconf 81' lang='lat' dir='ltr'><strong>rep.ttl.35</strong></span> <span class='ocrx_word' id='word_1_239' title='bbox 847 2745 859 2808; x_wconf 91' lang='lat'>)</span> <span class='ocrx_word' id='word_1_240' title='bbox 877 2730 1062 2810; x_wconf 83' lang='lat' dir='ltr'><strong>eloquentiae</strong></span> <span class='ocrx_word' id='word_1_241' title='bbox 1078 2732 1234 2813; x_wconf 85' lang='lat' dir='ltr'><strong>uitupera-</strong></span> 
     </span>
     <span class='ocr_line' id='line_1_26' title="bbox 110 2809 1233 2895; baseline 0.006 -28"><span class='ocrx_word' id='word_1_242' title='bbox 110 2809 226 2878; x_wconf 87' lang='lat' dir='ltr'><strong>tionem</strong></span> <span class='ocrx_word' id='word_1_243' title='bbox 244 2815 383 2892; x_wconf 77' lang='lat' dir='ltr'><strong>suffragio</strong></span> <span class='ocrx_word' id='word_1_244' title='bbox 401 2835 454 2874; x_wconf 90' lang='lat' dir='ltr'><strong>suo</strong></span> <span class='ocrx_word' id='word_1_245' title='bbox 480 2818 736 2895; x_wconf 86' lang='lat' dir='ltr'><strong>comprobauerit,</strong></span> <span class='ocrx_word' id='word_1_246' title='bbox 753 2837 812 2876; x_wconf 87' lang='lat' dir='ltr'><strong>non</strong></span> <span class='ocrx_word' id='word_1_247' title='bbox 835 2828 880 2874; x_wconf 86' lang='lat' dir='ltr'><strong>cst</strong></span> <span class='ocrx_word' id='word_1_248' title='bbox 897 2813 1079 2873; x_wconf 86' lang='lat' dir='ltr'><strong>mirandum.</strong></span> <span class='ocrx_word' id='word_1_249' title='bbox 1106 2815 1233 2874; x_wconf 82' lang='lat' dir='ltr'><strong>Accedit</strong></span> 
     </span>
     <span class='ocr_line' id='line_1_27' title="bbox 112 2895 1232 2976; baseline 0.003 -23"><span class='ocrx_word' id='word_1_250' title='bbox 112 2897 195 2971; x_wconf 75' lang='lat' dir='ltr'><strong>quod</strong></span> <span class='ocrx_word' id='word_1_251' title='bbox 209 2900 420 2962; x_wconf 85' lang='lat' dir='ltr'><strong>Mummiorum</strong></span> <span class='ocrx_word' id='word_1_252' title='bbox 436 2899 547 2955; x_wconf 80' lang='lat' dir='ltr'><strong>familia</strong></span> <span class='ocrx_word' id='word_1_253' title='bbox 556 2919 662 2976; x_wconf 88' lang='lat' dir='ltr'><strong>parum</strong></span> <span class='ocrx_word' id='word_1_254' title='bbox 679 2901 797 2974; x_wconf 85' lang='lat' dir='ltr'><strong>elegans</strong></span> <span class='ocrx_word' id='word_1_255' title='bbox 814 2898 963 2974; x_wconf 83' lang='lat' dir='ltr'><strong>ingenium</strong></span> <span class='ocrx_word' id='word_1_256' title='bbox 973 2895 1078 2953; x_wconf 86' lang='lat' dir='ltr'><strong>habuit</strong></span> <span class='ocrx_word' id='word_1_257' title='bbox 1088 2939 1097 2965; x_wconf 87' lang='lat'><strong>,</strong></span> <span class='ocrx_word' id='word_1_258' title='bbox 1108 2901 1131 2954; x_wconf 89' lang='lat' dir='ltr'><strong>si</strong></span> <span class='ocrx_word' id='word_1_259' title='bbox 1154 2913 1232 2958; x_wconf 87' lang='lat' dir='ltr'><strong>corte</strong></span> 
     </span>
     <span class='ocr_line' id='line_1_28' title="bbox 113 2979 1232 3050; baseline 0.004 -16"><span class='ocrx_word' id='word_1_260' title='bbox 113 2981 286 3040; x_wconf 85' lang='lat' dir='ltr'><strong>coniectura</strong></span> <span class='ocrx_word' id='word_1_261' title='bbox 302 2981 339 3038; x_wconf 88' lang='lat' dir='ltr'><strong>de</strong></span> <span class='ocrx_word' id='word_1_262' title='bbox 359 2979 496 3037; x_wconf 74' lang='lat' dir='ltr'><strong>Corinthi</strong></span> <span class='ocrx_word' id='word_1_263' title='bbox 515 3001 650 3039; x_wconf 88' lang='lat' dir='ltr'><strong>euersore</strong></span> <span class='ocrx_word' id='word_1_264' title='bbox 666 2981 802 3038; x_wconf 84' lang='lat' dir='ltr'><strong>facienda</strong></span> <span class='ocrx_word' id='word_1_265' title='bbox 814 2993 874 3050; x_wconf 88' lang='lat' dir='ltr'><strong>cst,</strong></span> <span class='ocrx_word' id='word_1_266' title='bbox 894 2981 976 3040; x_wconf 78' lang='lat' dir='ltr'><strong>carius</strong></span> <span class='ocrx_word' id='word_1_267' title='bbox 993 2979 1129 3038; x_wconf 89' lang='lat' dir='ltr'><strong>nouimus</strong></span> <span class='ocrx_word' id='word_1_268' title='bbox 1149 2979 1232 3038; x_wconf 84' lang='lat' dir='ltr'><strong>stoli-</strong></span> 
     </span>
     <span class='ocr_line' id='line_1_29' title="bbox 114 3059 1234 3139; baseline 0.004 -23"><span class='ocrx_word' id='word_1_269' title='bbox 114 3059 255 3122; x_wconf 84' lang='lat' dir='ltr'><strong>ditatem.</strong></span> <span class='ocrx_word' id='word_1_270' title='bbox 273 3067 429 3120; x_wconf 86' lang='lat' dir='ltr'><strong>Praeterea</strong></span> <span class='ocrx_word' id='word_1_271' title='bbox 451 3063 689 3139; x_wconf 70' lang='lat' dir='ltr'><strong>spurisc&#39;nouer</strong></span> <span class='ocrx_word' id='word_1_272' title='bbox 705 3061 756 3121; x_wconf 85' lang='lat' dir='ltr'><strong>hic</strong></span> <span class='ocrx_word' id='word_1_273' title='bbox 772 3063 929 3123; x_wconf 77' lang='lat' dir='ltr'><strong>Mummius</strong></span> <span class='ocrx_word' id='word_1_274' title='bbox 946 3064 977 3120; x_wconf 90' lang='lat' dir='ltr'><strong>in</strong></span> <span class='ocrx_word' id='word_1_275' title='bbox 988 3062 1146 3139; x_wconf 83' lang='lat' dir='ltr'><strong>disciplina</strong></span> <span class='ocrx_word' id='word_1_276' title='bbox 1157 3065 1234 3122; x_wconf 89' lang='lat' dir='ltr'><strong>stoi-</strong></span> 
     </span>
     <span class='ocr_line' id='line_1_30' title="bbox 113 3143 1234 3222; baseline 0.004 -23"><span class='ocrx_word' id='word_1_277' title='bbox 113 3161 220 3203; x_wconf 82' lang='lat' dir='ltr'><strong>corum</strong></span> <span class='ocrx_word' id='word_1_278' title='bbox 235 3144 293 3200; x_wconf 86' lang='lat' dir='ltr'><strong>iuit</strong></span> <span class='ocrx_word' id='word_1_279' title='bbox 310 3143 394 3216; x_wconf 89' lang='lat' dir='ltr'><strong>(Cic.</strong></span> <span class='ocrx_word' id='word_1_280' title='bbox 414 3145 496 3200; x_wconf 87' lang='lat' dir='ltr'><strong>Brut.</strong></span> <span class='ocrx_word' id='word_1_281' title='bbox 516 3155 602 3218; x_wconf 84' lang='lat' dir='ltr'>xxv)</span> <span class='ocrx_word' id='word_1_282' title='bbox 617 3163 691 3222; x_wconf 87' lang='lat' dir='ltr'><strong>quae</strong></span> <span class='ocrx_word' id='word_1_283' title='bbox 701 3145 829 3204; x_wconf 87' lang='lat' dir='ltr'><strong>haeresis</strong></span> <span class='ocrx_word' id='word_1_284' title='bbox 839 3187 848 3213; x_wconf 94' lang='lat'><strong><em>,</em></strong></span> <span class='ocrx_word' id='word_1_285' title='bbox 865 3159 899 3203; x_wconf 88' lang='lat' dir='ltr'><strong>ut</strong></span> <span class='ocrx_word' id='word_1_286' title='bbox 916 3143 956 3201; x_wconf 92' lang='lat' dir='ltr'><strong>ait</strong></span> <span class='ocrx_word' id='word_1_287' title='bbox 966 3144 1027 3203; x_wconf 90' lang='lat' dir='ltr'><strong>Cic.</strong></span> <span class='ocrx_word' id='word_1_288' title='bbox 1044 3147 1148 3220; x_wconf 83' lang='lat' dir='ltr'><strong>parad.</strong></span> <span class='ocrx_word' id='word_1_289' title='bbox 1159 3167 1234 3222; x_wconf 86' lang='lat' dir='ltr'><strong>pro-</strong></span> 
     </span>
     <span class='ocr_line' id='line_1_31' title="bbox 113 3223 1235 3303; baseline 0.004 -21"><span class='ocrx_word' id='word_1_290' title='bbox 113 3223 235 3296; x_wconf 78' lang='lat' dir='ltr'><strong>boam,</strong></span> <span class='ocrx_word' id='word_1_291' title='bbox 251 3223 369 3285; x_wconf 87' lang='lat' dir='ltr'><strong>nullum</strong></span> <span class='ocrx_word' id='word_1_292' title='bbox 389 3225 565 3303; x_wconf 79' lang='lat' dir='ltr'><strong>sequebatur</strong></span> <span class='ocrx_word' id='word_1_293' title='bbox 587 3229 690 3286; x_wconf 83' lang='lat' dir='ltr'><strong>liorem</strong></span> <span class='ocrx_word' id='word_1_294' title='bbox 709 3227 864 3286; x_wconf 87' lang='lat' dir='ltr'><strong>orationis.</strong></span> <span class='ocrx_word' id='word_1_295' title='bbox 883 3231 1022 3286; x_wconf 86' lang='lat' dir='ltr'><strong>Ceterum</strong></span> <span class='ocrx_word' id='word_1_296' title='bbox 1048 3239 1078 3284; x_wconf 88' lang='lat' dir='ltr'><strong>ct</strong></span> <span class='ocrx_word' id='word_1_297' title='bbox 1104 3229 1235 3286; x_wconf 84' lang='lat' dir='ltr'><strong>Rutilius</strong></span> 
     </span>
    </p>
   </div>
   <div class='ocr_carea' id='block_1_5' title="bbox 11 3309 1232 3388">
    <p class='ocr_par' dir='ltr' id='par_1_5' title="bbox 11 3309 1232 3388">
     <span class='ocr_line' id='line_1_32' title="bbox 11 3309 1232 3388; baseline 0.007 -25"><span class='ocrx_word' id='word_1_298' title='bbox 11 3319 13 3322; x_wconf 83' lang='lat'>&#39;</span> <span class='ocrx_word' id='word_1_299' title='bbox 113 3309 277 3368; x_wconf 82' lang='lat' dir='ltr'><strong>oratoriam</strong></span> <span class='ocrx_word' id='word_1_300' title='bbox 294 3321 411 3378; x_wconf 85' lang='lat' dir='ltr'><strong>artem,</strong></span> <span class='ocrx_word' id='word_1_301' title='bbox 433 3311 606 3386; x_wconf 88' lang='lat' dir='ltr'><strong>praesertim</strong></span> <span class='ocrx_word' id='word_1_302' title='bbox 623 3309 706 3368; x_wconf 87' lang='lat' dir='ltr'><strong>illam</strong></span> <span class='ocrx_word' id='word_1_303' title='bbox 733 3312 862 3368; x_wconf 77' lang='lat' dir='ltr'><strong>fucatam</strong></span> <span class='ocrx_word' id='word_1_304' title='bbox 880 3323 910 3368; x_wconf 87' lang='lat' dir='ltr'><strong>ct</strong></span> <span class='ocrx_word' id='word_1_305' title='bbox 928 3309 1070 3370; x_wconf 82' lang='lat' dir='ltr'><strong>callidam</strong></span> <span class='ocrx_word' id='word_1_306' title='bbox 1090 3329 1232 3388; x_wconf 88' lang='lat' dir='ltr'><strong>asperna-</strong></span> 
     </span>
    </p>
   </div>
   <div class='ocr_carea' id='block_1_6' title="bbox 113 3388 1234 3634">
    <p class='ocr_par' dir='ltr' id='par_1_6' title="bbox 113 3388 1234 3634">
     <span class='ocr_line' id='line_1_33' title="bbox 113 3388 1234 3472; baseline 0.005 -24"><span class='ocrx_word' id='word_1_307' title='bbox 113 3388 217 3452; x_wconf 78' lang='lat' dir='ltr'><strong>batur:</strong></span> <span class='ocrx_word' id='word_1_308' title='bbox 245 3394 317 3472; x_wconf 87' lang='lat' dir='ltr'><strong>quin</strong></span> <span class='ocrx_word' id='word_1_309' title='bbox 333 3406 362 3450; x_wconf 87' lang='lat' dir='ltr'><strong>et</strong></span> <span class='ocrx_word' id='word_1_310' title='bbox 378 3393 410 3450; x_wconf 90' lang='lat' dir='ltr'><strong>in</strong></span> <span class='ocrx_word' id='word_1_311' title='bbox 425 3412 478 3450; x_wconf 90' lang='lat' dir='ltr'><strong>suo</strong></span> <span class='ocrx_word' id='word_1_312' title='bbox 500 3393 619 3468; x_wconf 89' lang='lat' dir='ltr'><strong>capitali</strong></span> <span class='ocrx_word' id='word_1_313' title='bbox 645 3393 758 3451; x_wconf 89' lang='lat' dir='ltr'><strong>iudicio</strong></span> <span class='ocrx_word' id='word_1_314' title='bbox 774 3393 871 3452; x_wconf 89' lang='lat' dir='ltr'><strong>noluit</strong></span> <span class='ocrx_word' id='word_1_315' title='bbox 890 3415 906 3450; x_wconf 85' lang='lat' dir='ltr'><strong>a</strong></span> <span class='ocrx_word' id='word_1_316' title='bbox 925 3393 1044 3453; x_wconf 84' lang='lat' dir='ltr'><strong>summis</strong></span> <span class='ocrx_word' id='word_1_317' title='bbox 1067 3397 1234 3454; x_wconf 87' lang='lat' dir='ltr'><strong>oratoribus</strong></span> 
     </span>
     <span class='ocr_line' id='line_1_34' title="bbox 113 3474 1234 3557; baseline 0.006 -25"><span class='ocrx_word' id='word_1_318' title='bbox 113 3475 224 3535; x_wconf 79' lang='lat' dir='ltr'><strong>Crasso</strong></span> <span class='ocrx_word' id='word_1_319' title='bbox 242 3489 272 3536; x_wconf 83' lang='lat' dir='ltr'><strong>st</strong></span> <span class='ocrx_word' id='word_1_320' title='bbox 299 3477 429 3538; x_wconf 80' lang='lat' dir='ltr'><strong>Antonio</strong></span> <span class='ocrx_word' id='word_1_321' title='bbox 445 3475 565 3534; x_wconf 81' lang='lat' dir='ltr'><strong>delendi</strong></span> <span class='ocrx_word' id='word_1_322' title='bbox 575 3519 585 3546; x_wconf 88' lang='lat'>‚</span> <span class='ocrx_word' id='word_1_323' title='bbox 607 3477 660 3535; x_wconf 88' lang='lat' dir='ltr'><strong>scd</strong></span> <span class='ocrx_word' id='word_1_324' title='bbox 679 3477 755 3534; x_wconf 80' lang='lat' dir='ltr'><strong>dixit</strong></span> <span class='ocrx_word' id='word_1_325' title='bbox 768 3477 832 3556; x_wconf 87' lang='lat' dir='ltr'><strong>ipse</strong></span> <span class='ocrx_word' id='word_1_326' title='bbox 845 3477 942 3536; x_wconf 86' lang='lat' dir='ltr'><strong>ieiune</strong></span> <span class='ocrx_word' id='word_1_327' title='bbox 964 3474 1096 3535; x_wconf 85' lang='lat' dir='ltr'><strong>etstoice</strong></span> <span class='ocrx_word' id='word_1_328' title='bbox 1110 3499 1167 3557; x_wconf 87' lang='lat' dir='ltr'><strong>pro</strong></span> <span class='ocrx_word' id='word_1_329' title='bbox 1184 3501 1234 3550; x_wconf 89' lang='lat' dir='ltr'><strong>se,</strong></span> 
     </span>
     <span class='ocr_line' id='line_1_35' title="bbox 115 3554 1233 3634; baseline 0.01 -22"><span class='ocrx_word' id='word_1_330' title='bbox 115 3554 209 3620; x_wconf 89' lang='lat' dir='ltr'><strong>itaut</strong></span> <span class='ocrx_word' id='word_1_331' title='bbox 228 3562 369 3620; x_wconf 80' lang='lat' dir='ltr'><strong>innocens</strong></span> <span class='ocrx_word' id='word_1_332' title='bbox 388 3561 543 3620; x_wconf 88' lang='lat' dir='ltr'><strong>damnatus</strong></span> <span class='ocrx_word' id='word_1_333' title='bbox 561 3561 616 3618; x_wconf 88' lang='lat' dir='ltr'><strong>sit.</strong></span> <span class='ocrx_word' id='word_1_334' title='bbox 639 3559 700 3618; x_wconf 88' lang='lat' dir='ltr'><strong>Cic.</strong></span> <span class='ocrx_word' id='word_1_335' title='bbox 720 3561 757 3618; x_wconf 88' lang='lat' dir='ltr'><strong>de</strong></span> <span class='ocrx_word' id='word_1_336' title='bbox 772 3582 814 3619; x_wconf 90' lang='lat' dir='ltr'><strong>or.</strong></span> <span class='ocrx_word' id='word_1_337' title='bbox 831 3563 855 3618; x_wconf 93' lang='lat' dir='ltr'><strong>l.</strong></span> <span class='ocrx_word' id='word_1_338' title='bbox 874 3560 922 3620; x_wconf 82' lang='lat'><strong>53.</strong></span> <span class='ocrx_word' id='word_1_339' title='bbox 942 3559 993 3630; x_wconf 74' lang='lat'><strong>54,</strong></span> <span class='ocrx_word' id='word_1_340' title='bbox 1009 3573 1039 3618; x_wconf 87' lang='lat' dir='ltr'><strong>et</strong></span> <span class='ocrx_word' id='word_1_341' title='bbox 1057 3563 1138 3621; x_wconf 86' lang='lat' dir='ltr'><strong>Brut.</strong></span> <span class='ocrx_word' id='word_1_342' title='bbox 1159 3586 1233 3634; x_wconf 68' lang='lat' dir='ltr'><strong>xxm</strong></span> 
     </span>
    </p>
   </div>
   <div class='ocr_carea' id='block_1_7' title="bbox 115 3637 1304 3724">
    <p class='ocr_par' dir='ltr' id='par_1_7' title="bbox 115 3637 1304 3724">
     <span class='ocr_line' id='line_1_36' title="bbox 115 3637 1304 3724; baseline 0.006 -26"><span class='ocrx_word' id='word_1_343' title='bbox 115 3639 186 3699; x_wconf 84' lang='lat' dir='ltr'><strong>Vsl.</strong></span> <span class='ocrx_word' id='word_1_344' title='bbox 199 3646 239 3704; x_wconf 88' lang='lat' dir='ltr'><strong>M.</strong></span> <span class='ocrx_word' id='word_1_345' title='bbox 258 3665 302 3704; x_wconf 80' lang='lat' dir='ltr'><strong>vr.</strong></span> <span class='ocrx_word' id='word_1_346' title='bbox 315 3651 339 3714; x_wconf 76' lang='grc'><strong>4.</strong></span> <span class='ocrx_word' id='word_1_347' title='bbox 361 3649 386 3713; x_wconf 75' lang='lat' dir='ltr'><strong>i.</strong></span> <span class='ocrx_word' id='word_1_348' title='bbox 406 3643 605 3702; x_wconf 82' lang='lat' dir='ltr'><strong>Nihilominus</strong></span> <span class='ocrx_word' id='word_1_349' title='bbox 623 3643 728 3701; x_wconf 85' lang='lat' dir='ltr'><strong>Rutilii</strong></span> <span class='ocrx_word' id='word_1_350' title='bbox 739 3645 933 3702; x_wconf 84' lang='lat' dir='ltr'><strong>adulescentis</strong></span> <span class='ocrx_word' id='word_1_351' title='bbox 955 3657 1054 3721; x_wconf 87' lang='lat' dir='ltr'><strong>partes</strong></span> <span class='ocrx_word' id='word_1_352' title='bbox 1076 3645 1188 3724; x_wconf 85' lang='lat' dir='ltr'><strong>aliquas</strong></span> <span class='ocrx_word' id='word_1_353' title='bbox 1205 3648 1237 3705; x_wconf 86' lang='lat' dir='ltr'><strong>iu</strong></span> <span class='ocrx_word' id='word_1_354' title='bbox 1293 3637 1304 3652; x_wconf 70' lang='grc'><em>’</em></span> 
     </span>
    </p>
   </div>
   <div class='ocr_carea' id='block_1_8' title="bbox 116 3721 1236 3808">
    <p class='ocr_par' dir='ltr' id='par_1_8' title="bbox 116 3721 1236 3808">
     <span class='ocr_line' id='line_1_37' title="bbox 116 3721 1236 3808; baseline 0.01 -31"><span class='ocrx_word' id='word_1_355' title='bbox 116 3721 292 3785; x_wconf 88' lang='lat' dir='ltr'><strong>disserendo</strong></span> <span class='ocrx_word' id='word_1_356' title='bbox 315 3745 414 3787; x_wconf 78' lang='lat' dir='ltr'><strong>coram</strong></span> <span class='ocrx_word' id='word_1_357' title='bbox 433 3727 614 3804; x_wconf 80' lang='lat' dir='ltr'><strong>grauissimis</strong></span> <span class='ocrx_word' id='word_1_358' title='bbox 631 3727 750 3785; x_wconf 85' lang='lat' dir='ltr'><strong>senibus</strong></span> <span class='ocrx_word' id='word_1_359' title='bbox 767 3728 1061 3806; x_wconf 83' lang='lat' dir='ltr'><strong>suisse,aeg1·emihi</strong></span> <span class='ocrx_word' id='word_1_360' title='bbox 1079 3749 1236 3808; x_wconf 87' lang='lat' dir='ltr'><strong>persuasc-</strong></span> 
     </span>
    </p>
   </div>
   <div class='ocr_carea' id='block_1_9' title="bbox 12 3805 195 3882">
    <p class='ocr_par' dir='ltr' id='par_1_9' title="bbox 12 3805 195 3882">
     <span class='ocr_line' id='line_1_38' title="bbox 12 3805 195 3882; baseline 0.027 -21"><span class='ocrx_word' id='word_1_361' title='bbox 12 3879 13 3882; x_wconf 62' lang='lat'>,</span> <span class='ocrx_word' id='word_1_362' title='bbox 116 3805 195 3871; x_wconf 86' lang='lat' dir='ltr'><strong>rim.</strong></span> 
     </span>
    </p>
   </div>
   <div class='ocr_carea' id='block_1_10' title="bbox 117 3889 1238 4474">
    <p class='ocr_par' dir='ltr' id='par_1_10' title="bbox 117 3889 1238 4474">
     <span class='ocr_line' id='line_1_39' title="bbox 161 3889 1236 3973; baseline 0 -21"><span class='ocrx_word' id='word_1_363' title='bbox 161 3895 326 3964; x_wconf 86' lang='lat' dir='ltr'><strong>Quominus</strong></span> <span class='ocrx_word' id='word_1_364' title='bbox 343 3893 435 3968; x_wconf 84' lang='lat' dir='ltr'><strong>igitur</strong></span> <span class='ocrx_word' id='word_1_365' title='bbox 452 3889 617 3949; x_wconf 79' lang='lat' dir='ltr'><strong>rhetoricae</strong></span> <span class='ocrx_word' id='word_1_366' title='bbox 634 3891 1030 3971; x_wconf 84' lang='lat' dir='ltr'><strong>reprehensionemaquinto</strong></span> <span class='ocrx_word' id='word_1_367' title='bbox 1049 3894 1079 3952; x_wconf 91' lang='lat' dir='ltr'><strong>in</strong></span> <span class='ocrx_word' id='word_1_368' title='bbox 1097 3908 1236 3973; x_wconf 82' lang='lat' dir='ltr'><strong>quartum</strong></span> 
     </span>
     <span class='ocr_line' id='line_1_40' title="bbox 117 3969 1233 4054; baseline 0.009 -28"><span class='ocrx_word' id='word_1_369' title='bbox 117 3969 233 4035; x_wconf 87' lang='lat' dir='ltr'><strong>librum</strong></span> <span class='ocrx_word' id='word_1_370' title='bbox 250 3978 459 4043; x_wconf 81' lang='lat' dir='ltr'><strong>submoneam,</strong></span> <span class='ocrx_word' id='word_1_371' title='bbox 486 3975 573 4032; x_wconf 90' lang='lat' dir='ltr'><strong>Nonii</strong></span> <span class='ocrx_word' id='word_1_372' title='bbox 592 3991 638 4032; x_wconf 88' lang='lat' dir='ltr'><strong>me</strong></span> <span class='ocrx_word' id='word_1_373' title='bbox 656 3975 815 4034; x_wconf 87' lang='lat' dir='ltr'><strong>auctoritas</strong></span> <span class='ocrx_word' id='word_1_374' title='bbox 841 3976 924 4032; x_wconf 89' lang='lat' dir='ltr'><strong>uncis</strong></span> <span class='ocrx_word' id='word_1_375' title='bbox 942 3977 1090 4054; x_wconf 77' lang='lat' dir='ltr'><strong>unguibus</strong></span> <span class='ocrx_word' id='word_1_376' title='bbox 1109 3986 1233 4037; x_wconf 86' lang='lat' dir='ltr'><strong>retinet:</strong></span> 
     </span>
     <span class='ocr_line' id='line_1_41' title="bbox 117 4055 1236 4138; baseline 0.005 -24"><span class='ocrx_word' id='word_1_377' title='bbox 117 4073 315 4138; x_wconf 83' lang='lat' dir='ltr'><strong>quamquam,</strong></span> <span class='ocrx_word' id='word_1_378' title='bbox 326 4057 414 4136; x_wconf 20' lang='lat' dir='ltr'><strong>*quod</strong></span> <span class='ocrx_word' id='word_1_379' title='bbox 432 4055 517 4114; x_wconf 88' lang='lat' dir='ltr'><strong>toties</strong></span> <span class='ocrx_word' id='word_1_380' title='bbox 535 4057 565 4113; x_wconf 93' lang='lat' dir='ltr'><strong>in</strong></span> <span class='ocrx_word' id='word_1_381' title='bbox 582 4055 640 4115; x_wconf 89' lang='lat' dir='ltr'><strong>hoc</strong></span> <span class='ocrx_word' id='word_1_382' title='bbox 657 4077 746 4136; x_wconf 85' lang='lat' dir='ltr'><strong>opere</strong></span> <span class='ocrx_word' id='word_1_383' title='bbox 763 4057 908 4126; x_wconf 88' lang='lat' dir='ltr'><strong>uidimus,</strong></span> <span class='ocrx_word' id='word_1_384' title='bbox 925 4058 982 4118; x_wconf 84' lang='lat' dir='ltr'><strong>ista</strong></span> <span class='ocrx_word' id='word_1_385' title='bbox 1000 4063 1159 4134; x_wconf 68' lang='lat' dir='ltr'><strong>auctoritas</strong></span> <span class='ocrx_word' id='word_1_386' title='bbox 1175 4082 1236 4120; x_wconf 89' lang='lat' dir='ltr'><strong>non</strong></span> 
     </span>
     <span class='ocr_line' id='line_1_42' title="bbox 118 4139 1237 4218; baseline 0.011 -23"><span class='ocrx_word' id='word_1_387' title='bbox 118 4139 285 4200; x_wconf 87' lang='lat' dir='ltr'><strong>admodum</strong></span> <span class='ocrx_word' id='word_1_388' title='bbox 312 4140 395 4200; x_wconf 84' lang='lat' dir='ltr'><strong>firma</strong></span> <span class='ocrx_word' id='word_1_389' title='bbox 421 4151 480 4208; x_wconf 85' lang='lat' dir='ltr'><strong>cst,</strong></span> <span class='ocrx_word' id='word_1_390' title='bbox 507 4153 634 4217; x_wconf 86' lang='lat' dir='ltr'><strong>propter</strong></span> <span class='ocrx_word' id='word_1_391' title='bbox 651 4142 711 4200; x_wconf 82' lang='lat' dir='ltr'><strong>eius</strong></span> <span class='ocrx_word' id='word_1_392' title='bbox 729 4140 913 4218; x_wconf 85' lang='lat' dir='ltr'><strong>grammatici</strong></span> <span class='ocrx_word' id='word_1_393' title='bbox 940 4141 1108 4201; x_wconf 84' lang='lat' dir='ltr'><strong>innumeras</strong></span> <span class='ocrx_word' id='word_1_394' title='bbox 1132 4166 1237 4207; x_wconf 79' lang='lat' dir='ltr'><strong>corru-</strong></span> 
     </span>
     <span class='ocr_line' id='line_1_43' title="bbox 117 4223 1237 4302; baseline 0.007 -23"><span class='ocrx_word' id='word_1_395' title='bbox 117 4223 254 4295; x_wconf 83' lang='lat' dir='ltr'><strong>ptiones:</strong></span> <span class='ocrx_word' id='word_1_396' title='bbox 268 4224 388 4302; x_wconf 87' lang='lat' dir='ltr'><strong>quamsi</strong></span> <span class='ocrx_word' id='word_1_397' title='bbox 400 4235 562 4300; x_wconf 85' lang='lat' dir='ltr'><strong>propterea</strong></span> <span class='ocrx_word' id='word_1_398' title='bbox 573 4225 781 4283; x_wconf 85' lang='lat' dir='ltr'><strong>auctoritatem</strong></span> <span class='ocrx_word' id='word_1_399' title='bbox 796 4243 935 4302; x_wconf 84' lang='lat' dir='ltr'><strong>spernere</strong></span> <span class='ocrx_word' id='word_1_400' title='bbox 945 4226 1016 4284; x_wconf 89' lang='lat' dir='ltr'><strong>licet</strong></span> <span class='ocrx_word' id='word_1_401' title='bbox 1030 4227 1081 4296; x_wconf 88' lang='lat' dir='ltr'><strong>,hi</strong></span> <span class='ocrx_word' id='word_1_402' title='bbox 1092 4227 1149 4284; x_wconf 88' lang='lat' dir='ltr'><strong>loci</strong></span> <span class='ocrx_word' id='word_1_403' title='bbox 1161 4251 1237 4287; x_wconf 81' lang='lat' dir='ltr'><strong>corn·</strong></span> 
     </span>
     <span class='ocr_line' id='line_1_44' title="bbox 117 4304 1238 4386; baseline 0.008 -24"><span class='ocrx_word' id='word_1_404' title='bbox 117 4309 210 4364; x_wconf 85' lang='lat' dir='ltr'><strong>mode</strong></span> <span class='ocrx_word' id='word_1_405' title='bbox 230 4309 368 4386; x_wconf 85' lang='lat' dir='ltr'><strong>equidem</strong></span> <span class='ocrx_word' id='word_1_406' title='bbox 386 4306 426 4364; x_wconf 93' lang='lat' dir='ltr'><strong>ad</strong></span> <span class='ocrx_word' id='word_1_407' title='bbox 442 4319 579 4381; x_wconf 89' lang='lat' dir='ltr'><strong>quartum</strong></span> <span class='ocrx_word' id='word_1_408' title='bbox 601 4304 713 4364; x_wconf 86' lang='lat' dir='ltr'><strong>librum</strong></span> <span class='ocrx_word' id='word_1_409' title='bbox 732 4307 942 4378; x_wconf 84' lang='lat' dir='ltr'><strong>retrahentur,</strong></span> <span class='ocrx_word' id='word_1_410' title='bbox 973 4310 1004 4364; x_wconf 90' lang='lat' dir='ltr'><strong>in</strong></span> <span class='ocrx_word' id='word_1_411' title='bbox 1025 4329 1083 4386; x_wconf 89' lang='lat' dir='ltr'><strong>quo</strong></span> <span class='ocrx_word' id='word_1_412' title='bbox 1100 4311 1238 4372; x_wconf 66' lang='lat' dir='ltr'><strong>instituti</strong></span> 
     </span>
     <span class='ocr_line' id='line_1_45' title="bbox 117 4389 1238 4474; baseline 0.007 -28"><span class='ocrx_word' id='word_1_413' title='bbox 117 4390 305 4448; x_wconf 83' lang='lat' dir='ltr'><strong>Graecorum</strong></span> <span class='ocrx_word' id='word_1_414' title='bbox 315 4393 573 4464; x_wconf 78' lang='lat' dir='ltr'><strong>Romanorumque</strong></span> <span class='ocrx_word' id='word_1_415' title='bbox 585 4391 824 4468; x_wconf 82' lang='lat' dir='ltr'><strong>comparatione,</strong></span> <span class='ocrx_word' id='word_1_416' title='bbox 836 4389 959 4466; x_wconf 85' lang='lat' dir='ltr'><strong>illorum</strong></span> <span class='ocrx_word' id='word_1_417' title='bbox 970 4392 1077 4453; x_wconf 82' lang='lat' dir='ltr'><strong>leuitas</strong></span> <span class='ocrx_word' id='word_1_418' title='bbox 1086 4415 1158 4474; x_wconf 86' lang='lat' dir='ltr'><strong>pras</strong></span> <span class='ocrx_word' id='word_1_419' title='bbox 1167 4397 1238 4454; x_wconf 88' lang='lat' dir='ltr'><strong>isto·</strong></span> 
     </span>
    </p>
   </div>
   <div class='ocr_carea' id='block_1_11' title="bbox 117 4472 1237 4558">
    <p class='ocr_par' dir='ltr' id='par_1_11' title="bbox 117 4472 1237 4558">
     <span class='ocr_line' id='line_1_46' title="bbox 117 4472 1237 4558; baseline 0.013 -32"><span class='ocrx_word' id='word_1_420' title='bbox 117 4487 187 4528; x_wconf 88' lang='lat' dir='ltr'><strong>rum</strong></span> <span class='ocrx_word' id='word_1_421' title='bbox 205 4473 353 4554; x_wconf 76' lang='lat' dir='ltr'><strong>grauitate</strong></span> <span class='ocrx_word' id='word_1_422' title='bbox 371 4487 401 4536; x_wconf 88' lang='lat' dir='ltr'><strong>et</strong></span> <span class='ocrx_word' id='word_1_423' title='bbox 418 4472 580 4535; x_wconf 85' lang='lat' dir='ltr'><strong>constantia</strong></span> <span class='ocrx_word' id='word_1_424' title='bbox 590 4473 805 4535; x_wconf 85' lang='lat' dir='ltr'><strong>contemnitur.</strong></span> <span class='ocrx_word' id='word_1_425' title='bbox 818 4473 986 4552; x_wconf 75' lang='lat' dir='ltr'><strong>libatores,</strong></span> <span class='ocrx_word' id='word_1_426' title='bbox 997 4495 1070 4558; x_wconf 82' lang='lat' dir='ltr'><strong>quos</strong></span> <span class='ocrx_word' id='word_1_427' title='bbox 1080 4483 1237 4544; x_wconf 81' lang='lat' dir='ltr'><strong>Mummius</strong></span> 
     </span>
    </p>
   </div>
   <div class='ocr_carea' id='block_1_12' title="bbox 820 4559 879 4682">
    <p class='ocr_par' dir='ltr' id='par_1_12' title="bbox 820 4559 879 4682">
     <span class='ocr_line' id='line_1_47' title="bbox 820 4559 879 4682; baseline 0 0"><span class='ocrx_word' id='word_1_428' title='bbox 820 4559 879 4682; x_wconf 79' lang='lat'><strong>³9</strong></span> 
     </span>
    </p>
   </div>
   <div class='ocr_carea' id='block_1_13' title="bbox 1243 827 1257 858">
    <p class='ocr_par' dir='ltr' id='par_1_13' title="bbox 1243 827 1257 858">
     <span class='ocr_line' id='line_1_48' title="bbox 1243 827 1257 858; baseline 0 0"><span class='ocrx_word' id='word_1_429' title='bbox 1243 827 1257 858; x_wconf 81' lang='lat' dir='ltr'><em>l</em></span> 
     </span>
    </p>
   </div>
   <div class='ocr_carea' id='block_1_14' title="bbox 0 0 1669 5652">
    <p class='ocr_par' dir='ltr' id='par_1_14' title="bbox 0 0 1669 5652">
     <span class='ocr_line' id='line_1_49' title="bbox 0 0 1669 5652; baseline 0 0"><span class='ocrx_word' id='word_1_430' title='bbox 0 0 1669 5652; x_wconf 95' lang='lat' dir='ltr'><strong> </strong></span> 
     </span>
    </p>
   </div>
  </div>
 </body>
</html>
