3314 5658
431 458 546 528 XXVI

402 599 404 604 v
429 567 643 662 aliorumque
661 571 884 665 yetustiorum
901 585 1072 654 conatus,
1108 568 1289 640 tironium
1311 581 1409 642 notas
1429 573 1538 666 ample

428 697 462 748 et
490 681 645 748 immensi
675 679 802 749 laboris
831 705 933 772 opere
963 679 1103 775 collegit
1141 679 1386 775 explicuitque
1418 685 1471 751 vir
1495 683 1537 754 el.
1634 695 1635 714 ¹

339 865 347 880 ἱ
427 789 602 880 Kappius:
620 813 725 882 quare
744 807 778 858 et
804 787 865 858 has
883 791 1029 880 tatioani
1059 790 1184 858 codicis
1212 807 1308 860 notas
1326 793 1537 884 interpretari

425 899 565 967 demum
594 896 741 968 licebit.
768 895 950 992 Augustini
975 899 1079 967 codex
1110 899 1209 976 initio
1247 901 1389 991 quidem
1413 903 1540 996 integer

426 1023 496 1090 est,
515 1009 567 1074 nti
596 1015 859 1100 quaternionum
883 1007 981 1076 series
1009 1008 1238 1084 demonstrate
1263 1007 1396 1077 laborat
1413 1011 1450 1078 in
1466 1033 1540 1079 me.

422 1115 506 1196 dio,
525 1130 565 1181 ut
583 1115 677 1196 dixi;
706 1129 781 1182 tum
798 1114 834 1182 in
851 1113 918 1182 fine
937 1131 1070 1205 partem
1091 1117 1146 1184 sni
1165 1116 1299 1182 tertiam
1317 1117 1453 1182 amisit:
1480 1141 1541 1183 au-

422 1239 498 1290 etor
515 1225 604 1294 enim
622 1247 706 1315 opns
725 1224 769 1292 ad
787 1221 955 1313 psalmum
974 1244 1081 1312 usqne
1098 1224 1144 1318 cr)
1161 1222 1347 1312 produxit3
1375 1223 1540 1312 scripture

421 1355 502 1400 vero
522 1333 645 1401 codicis
670 1333 751 1399 citra
770 1329 940 1422 psalmum
970 1351 1084 1413 extr,
1114 1347 1148 1397 et
1170 1331 1311 1420 quidem
1333 1329 1469 1399 infolio
1488 1329 1541 1398 la·

421 1463 524 1523 cero,
543 1442 685 1509 desinit.
704 1441 793 1532 Ergo
817 1455 902 1529 quot
919 1436 1001 1506 folia
1017 1437 1222 1532 Augustini,
1242 1439 1383 1506 totidem
1402 1431 1541 1508 Cidero·

412 1549 472 1634 xnis
490 1550 685 1616 emisimus.
706 1544 784 1614 Alia
803 1563 915 1614 tamen
934 1569 1011 1635 pars
1028 1548 1300 1614 membranarum
1318 1549 1361 1615 de
1378 1572 1448 1638 rep.
1470 1552 1540 1629 sine

420 1655 527 1722 dubio
551 1655 659 1721 maior
676 1652 731 1721 vel
750 1653 965 1721 rescribendo
984 1651 1117 1746 reliquo
1147 1651 1329 1748 Augustini
1348 1657 1465 1746 operi,
1486 1653 1540 1724 rel

422 1758 498 1828 aliie
511 1761 628 1828 usibus
646 1759 797 1830 adhibita
816 1757 880 1826 suit
895 1787 904 1824 ι
917 1783 986 1827 ιιιιο
1006 1777 1095 1828 certe
1109 1759 1281 1830 volumine
1299 1783 1410 1851 neque
1429 1761 1543 1832 Tullii
1634 1787 1635 1790 ’

421 1893 531 1961 neque
544 1871 648 1960 ipsius
659 1865 843 1962 Augustini
854 1891 939 1958 opus
951 1867 1112 1938 concludi
1123 1871 1235 1960 potuit
1249 1921 1257 1938 .
1275 1873 1362 1942 Sane
1372 1869 1539 1965 Augusti·
1557 1935 1565 1948 ,

418 1980 456 2048 ni
475 1977 757 2044 commentarium
775 1975 818 2044 ad
835 1973 980 2066 psalmos
992 1978 1026 2044 in
1045 1977 1179 2046 duobus
1195 1999 1367 2071 praeterea
1386 1983 1457 2049 vidi
1477 2005 1541 2051 oo-

417 2087 551 2157 dicibus
579 2085 819 2176 antiquissimis
841 2097 961 2174 nempe
986 2087 1023 2153 in
1046 2088 1199 2155 vaticano
1217 2088 1345 2156 saeculi
1361 2089 1540 2162 ferme-se·

416 2197 549 2321 pugni,
566 2209 600 2262 et
623 2194 660 2260 in
685 2189 913 2260 vallicelliano
941 2194 1068 2264 saeculi
1086 2198 1193 2264 sexti:
1218 2219 1365 2288 quarm
1384 2220 1540 2290 aspectus

417 2306 480 2374 etsi
498 2303 648 2396 primum
665 2324 718 2370 me
737 2298 939 2384 delectarit,
970 2319 1071 2395 atque
1089 2305 1126 2370 in
1144 2328 1239 2394 spem
1263 2307 1435 2397 quandam
1458 2333 1539 2377 ere-

414 2415 487 2488 xit·
511 2433 588 2480 mox
618 2427 731 2478 temen
753 2411 833 2500 quia
859 2409 1067 2502 deprehendi
1095 2433 1164 2479 non
1180 2437 1250 2480 esse
1281 2413 1537 2546 palimpsestosp

415 2517 506 2590 nulli
523 2543 579 2588 eos
599 2517 685 2584 mihi
703 2542 782 2584 usur
770 2515 870 2586 sore
888 2519 1048 2610 cognovi.

193 2625 318 2678 nicaenis
336 2629 382 2680 aab
459 2631 505 2700 X
530 2627 598 2698 Sed
623 2627 723 2693 misso
740 2625 808 2691 iam
824 2621 1039 2716 Augustino,
1067 2625 1110 2693 ad
1134 2625 1318 2697 tullianum
1346 2635 1440 2724 quod
1464 2640 1532 2706 sub
1634 2707 1635 2712 ,

211 2700 359 2836 ,ἓέξῖζὲἺο
419 2765 459 2810 eo
472 2738 555 2808 latet
571 2734 736 2828 seriptum
752 2735 957 2802 vemendum
968 2751 1042 2802 est
1060 2739 1177 2821 Quum
1188 2763 1250 2832 ego
1264 2741 1389 2811 multos
1402 2764 1538 2816 veteres
1634 2725 1635 2784 }

413 2851 643 2948 palimpsestos
662 2847 730 2914 iarn
748 2845 916 2926 viderim,
945 2859 1019 2910 tum
1035 2868 1141 2936 prope
1161 2848 1197 2915 in
1225 2849 1363 2918 nullum
1381 2857 1536 2944 spatiosis
1634 2907 1635 2918 ι

407 2985 516 3054 aeque
534 2958 656 3026 litteris
687 2971 859 3024 exaratum
889 2977 943 3022 me
967 2955 1116 3022 incidere
1148 2959 1308 3026 memini.
1341 2965 1536 3030 Trecentae

411 3073 590 3158 duaeque,
615 3079 654 3129 ut
682 3061 776 3142 dixi,
796 3059 936 3154 paginae
956 3076 1057 3127 sunt:
1078 3060 1230 3155 singulae
1259 3087 1338 3132 vero
1364 3065 1451 3133 binis
1475 3065 1537 3134 la·

348 3179 351 3199 ¹
410 3171 550 3244 tereulis
568 3185 744 3237 constent:
777 3189 863 3255 quae
883 3191 1000 3233 rursus
1020 3165 1186 3236 latercula
1212 3171 1342 3267 singula
1374 3171 1534 3262 comple-

410 3297 550 3354 ctuntur
567 3299 682 3342 versus
705 3271 925 3360 quindecim,
945 3273 991 3338 ita
1011 3289 1050 3336 ut
1073 3278 1110 3340 iu
1130 3279 1223 3342 omni
1248 3282 1372 3369 pagins
1391 3281 1535 3372 triginta

410 3388 477 3454 sint
494 3404 631 3456 versun
650 3380 687 3446 in
710 3375 851 3470 singulis
868 3399 948 3442 reru
971 3379 1122 3446 versibus
1148 3379 1281 3448 litterae
1310 3385 1444 3454 eiroiter
1462 3390 1534 3458 de..

409 3517 506 3562 cem.
528 3488 700 3578 Quoniam
716 3484 821 3575 igitur
844 3479 977 3552 litterae
996 3489 1219 3578 praegrandes
1237 3509 1340 3574 sunt,
1371 3497 1532 3586 sequitur

411 3615 453 3668 nt
468 3596 626 3666 materiae
638 3592 733 3682 copia
751 3587 929 3692 volumine
937 3611 998 3658 sno
1017 3591 1129 3661 nainor
1140 3619 1210 3664 esse
1228 3597 1531 3689 deprehendatur.

412 3716 526 3800 Quam
544 3706 587 3776 ob
604 3729 677 3774 rem
694 3702 776 3772 lieet
792 3704 940 3797 graviter
961 3703 1173 3796 expostulare
1190 3731 1270 3778 cum
1287 3709 1394 3780 livore
1413 3713 1535 3785 sortu-

410 3843 499 3903 nee‚
523 3839 610 3910 quae
634 3829 763 3882 tantam
782 3813 892 3901 operis
915 3829 1047 3904 partem
1064 3838 1125 3882 nos
1145 3815 1257 3882 adhue
1275 3815 1386 3885 relat.
1412 3823 1531 3893 Tituli

308 4001 312 4004 ,
410 3927 581 3996 librorum
597 3937 670 3988 toto
687 3918 792 3987 ferme
814 3919 931 3986 codiee
955 3937 1118 4010 apparent
1145 3943 1253 4011 usque
1280 3924 1323 3990 a'd
1341 3925 1526 4014 quintum}

411 4041 531 4110 Sextus
543 4033 633 4101 liber
646 4032 823 4098 universus
835 4019 854 4094 a
868 4029 986 4098 codiee
1003 4027 1138 4098 exulat.
1152 4031 1324 4100 Sedenim
1342 4037 1430 4102 tertii
1446 4035 1532 4110 libri

412 4154 475 4238 etsi
486 4149 650 4244 reliquiae
668 4163 747 4216 sunt
759 4143 949 4237 praeclarae
961 4162 996 4213 et
1004 4147 1231 4230 certissimae,
1253 4149 1395 4218 titulum
1412 4167 1531 4225 temen

411 4257 515 4329 semel
535 4261 633 4330 video
648 4307 657 4325 .
675 4257 838 4351 Paginam
855 4256 919 4326 156
934 4271 1040 4322 totam
1052 4273 1195 4347 oeoupet
1214 4257 1336 4325 titulus
1353 4261 1530 4350 spetiosis-

413 4368 494 4438 sime
505 4367 649 4460 scriptus
662 4383 708 4442 oe
721 4385 767 4438 ιιι
780 4383 939 4454 evantes
953 4383 1024 4439 tro.
1040 4383 1157 4440 ntntn
1171 4365 1212 4436 In
1224 4365 1373 4438 decimae
1381 4369 1529 4466 paginae
