3276 5660
484 525 702 618 truita
737 551 787 613 11.
1103 553 1193 638 ¹99

88 691 280 760 rueretur
305 691 383 762 tu:
416 703 525 792 quae
550 695 687 760 tamen
711 672 851 789 grauis
876 688 917 755 et
940 700 1089 789 magna
1112 703 1188 758 re-
1232 703 1235 710 ·
1316 705 1318 712 ’

86 813 312 926 manebat,
343 819 654 935 sapientissimis
677 838 719 904 et
741 814 982 902 fortissimis
1006 837 1046 902 et
1062 817 1188 902 armis

89 979 128 1046 ct
162 960 338 1048 consilio
364 963 577 1048 ciuitatem
601 957 817 1050 tuentibus
842 999 855 1066 ς
890 988 1076 1078 quorum
1108 989 1191 1043 au-

86 1102 268 1218 ctollritas
299 1108 477 1191 maxime
508 1103 725 1210 florebat,
766 1103 888 1220 quod
918 1135 1016 1190 cum
1046 1101 1196 1190 hono·
1222 1135 1256 1194 r.
1278 1147 1344 1208 ιη.

82 1274 126 1328 re
166 1243 296 1361 longe
333 1245 629 1333 antecellerent
667 1250 854 1354 ceteris,
900 1245 1191 1360 uoluptatibus

83 1405 201 1470 eraut
235 1385 484 1492 inferiores,
517 1418 593 1474 nec
623 1391 814 1501 pecuniis
844 1385 976 1474 ferme
1004 1387 1194 1504 superio-

83 1523 223 1618 resta)
248 1560 259 1612 ε
291 1561 428 1650 eoque
453 1552 539 1615 erat
562 1529 946 1646 cuiusquegratior
969 1529 1014 1612 in
1038 1558 1082 1613 re
1105 1560 1193 1644 pu-

83 1664 195 1752 blica
226 1669 390 1776 uirtus,
415 1669 536 1788 quod
564 1669 609 1753 in
642 1657 767 1758 rebus
793 1669 971 1782 vpriuatis
1003 1667 1191 1787 diligen-

84 1808 240 1896 tissime
264 1809 455 1930 singulos
479 1812 592 1896 ciues
617 1841 744 1928 opera
761 1868 775 1918 ,
790 1809 1000 1921 consilio,
1023 1843 1069 1900 re
1091 1833 1192 1899 tue-

81 1945 269 2040 bantur.
532 1997 538 2006 ·
1031 1957 1035 1974 ’

146 2093 337 2185 XXXV.
358 2093 460 2206 Quo
476 2099 521 2184 in
536 2116 644 2182 statu
658 2097 719 2183 rei
734 2093 1079 2214 publicae-Spu)
1090 2085 1195 2188 Cas-

85 2237 199 2323 sium
218 2235 271 2324 de
297 2238 546 2356 occupando
573 2270 704 2360 regno
721 2239 1006 2364 molientem,
1029 2273 1195 2329 summa

85 2404 185 2498 aput
201 2382 410 2504 populum
429 2386 558 2501 gratia
574 2383 820 2491 florentem,
837 2409 1032 2504 quaestor
1047 2389 1053 2504 Ι
1070 2413 1193 2474 accu—
1225 2405 1258 2466 r.
1278 2404 1346 2467 130.

82 2525 191 2609 seuit
205 2545 251 2618 (t)
271 2512 493 2642 ,eumque
508 2543 585 2630 ,ut
609 2523 786 2656 audistis
803 2557 929 2631 ,cum
952 2531 1130 2645 poterin
1148 2559 1195 2612 ea

57 2713 64 2727 ·
84 2663 207 2780 ¹culpa
224 2693 311 2750 esse
329 2667 568 2779 conperisse
587 2695 631 2750 se
649 2663 841 2772 dixisset,
864 2663 1040 2754 cedente
1057 2689 1196 2784 popu:

85 2801 128 2888 lo
155 2826 292 2895 morte
315 2808 515 2893 mactauit
533 2823 611 2896 (3).
649 2804 907 2925 Gratamque
932 2811 1053 2894 etiam
1079 2809 1195 2894 illam

89 2976 179 3032 rem
207 2976 251 3042 (ο)
276 2969 428 3064 quarto
455 2946 622 3030 circiter
645 2965 687 3028 et
710 2947 1060 3062 quinquagesimo
1084 2979 1196 3035 anno

126 3109 176 3174 (a)
200 3099 277 3162 eod.
300 3105 385 3158 ·S·P·
408 3093 588 3174 interposito
613 3105 746 3168 puncto.
793 3097 841 3166 (b)
862 3095 937 3152 Cod.
964 3102 1135 3166 accrtsabr't,
1168 3111 1198 3158 et

82 3201 152 3250 mox
176 3183 337 3242 mactabit.
365 3183 406 3252 (c)
429 3179 477 3235 lta
494 3177 562 3234 cod.
582 3175 829 3234 euidenterrcm-
847 3175 1019 3235 Sedscribe
1036 3181 1144 3256 legem.
1187 3249 1190 3256 γ
1218 3205 1224 3224 1

79 3315 186 3390 'Idem
197 3316 255 3386 hic
267 3331 302 3382 et
316 3309 510 3382 naitanus
521 3305 622 3373 adii·
667 3305 839 3374 Consonat
857 3305 1063 3375 cassiodorii
1081 3335 1155 3378 nar.
1169 3315 1198 3380 Ι.

81 3416 178 3478 ciunt
194 3427 266 3477 tres
308 3421 468 3476 caeterea
485 3399 622 3466 abillis
672 3401 714 3468 16
731 3395 855 3463 nobilis
867 3401 1054 3466 sententia:
1078 3410 1199 3498 acqui-

83 3502 218 3572 duobus
235 3433 388 3594 collegas
405 3503 542 3562 c'reatos
559 3517 621 3558 es·
665 3497 714 3560 rt't
722 3489 858 3557 nobiles
869 3487 1048 3562 thesauros
1045 3499 1199 3584 famae,

78 3619 141 3662 ee.
172 3593 259 3677 His,
284 3593 344 3681 qui
362 3589 448 3655 duos
467 3585 621 3650 tribunos
666 3582 824 3674 neglecta
846 3583 980 3652 uilitate
1003 3594 1199 3678 pecuniae.

86 3683 424 3765 dixerunt,addatur
443 3677 619 3770 Lydusnr.
716 3673 769 3766 (3)
784 3675 1202 3767 Mediumquandtm'sen·

85 3799 113 3842 r.
126 3779 152 3846 l.
166 3775 295 3862 38.st
311 3777 352 3842 lu
364 3774 427 3852 iis,
447 3771 506 3858 qui
520 3768 639 3858 quin-‚¹
670 3768 809 3832 tentiam
852 3771 1006 3858 sequitur
1047 3775 1200 3855 Cicero,

86 3891 150 3958 que
169 3871 359 3950 dixerunt,
378 3880 427 3932 est
437 3860 621 3951 Dionysius
667 3859 753 3926 dum
770 3859 817 3922 ait
830 3861 982 3926 Cassium
1000 3888 1020 3928 a
1039 3881 1201 3951 quaesto-

86 3979 140 4032 tt.
163 3966 224 4058 89,
668 3949 1201 4040 tequidemtccusatum,uerum

132 4053 185 4150 (r)
211 4056 285 4124 Hac
297 4041 618 4138 dercdisputatCi·
664 4058 796 4132 epatre
815 4041 1002 4109 iudicatum
1024 4060 1125 4134 atque
1144 4049 1200 4134 in·¹

89 4147 218 4218 cerole
244 4147 378 4236 .111.7.
549 4205 554 4216 ,
666 4132 855 4200 terfectum:
870 4134 1199 4224 quidumenimscri·

134 4239 186 4334 (a)
213 4173 392 4312 lensensis
438 4225 619 4300 Sallustius
666 4243 808 4316 pserunt
842 4243 1037 4294 accusatum
1060 4249 1197 4318 quoque

91 4329 165 4398 Cat.
177 4353 247 4401 vn.
259 4333 431 4402 Virtutem
445 4325 619 4390 Romano·
666 4319 768 4386 fuisse
781 4343 799 4382 a
812 4335 925 4408 patre.
946 4321 1038 4398 Rem
1049 4344 1110 4388 suo
1122 4345 1198 4388 nto·

91 4443 170 4490 rum
181 4428 252 4492 eius
263 4423 378 4491 aetatis
398 4416 531 4504 copiose
543 4410 620 4478 lau·
662 4435 702 4482 re
721 4409 866 4476 uentilat
894 4411 1076 4503 Dionysius
1108 4431 1194 4480 vtu.

91 4513 149 4586 tlat
166 4513 375 4614 Augustinus
394 4509 488 4588 (ll).
509 4524 548 4582 t.
565 4528 619 4582 ta·
658 4517 725 4600 '793
743 4518 844 4598 utque
868 4501 916 4578 ita
939 4502 1132 4596 concludit,
1156 4523 1197 4576 ut
1284 4563 1286 4570 .

598 4629 610 4664 Ι
