3276 5660
485 509 510 570 u
537 511 553 572 1
578 509 601 574 n
626 509 652 573 n
675 513 703 575 u
745 511 814 606 111,
884 491 887 496 '
1107 481 1195 576 255

92 629 156 704 dae
179 633 253 703 (Ι).
286 625 384 702 Nam
412 636 455 702 ut
470 619 625 706 'mimus
649 631 802 732 corpori
824 624 961 712 dicitur
986 623 1202 731 imperare,

89 745 230 825 dicitur
251 746 364 824 etiam
387 743 559 858 libidini,
589 749 653 824 sed
681 751 855 854 corpori,
884 765 927 824 ut
962 773 1027 825 rex
1059 749 1202 861 ciuibus

89 874 167 951 suis
186 927 200 971 ,
222 889 426 977 autparens
447 873 599 973 tiberis,
626 873 774 950 libidini
797 890 920 954 autam
937 892 978 950 nt
999 879 1113 956 seruis
1130 875 1205 954 d0-'

86 994 212 1076 ruinas
230 1049 243 1090 ,
271 995 375 1100 quod
389 1021 473 1071 eam
490 1013 638 1076 coercet
652 1011 691 1080 et
707 998 839 1098 frangit
857 1053 866 1072 .
896 999 957 1075 Sic
975 1025 1128 1098 regum,
1151 995 1205 1070 sio

85 1115 382 1220 imperatomm,
397 1115 452 1188 sic
476 1118 781 1216 magistratuum,
796 1119 849 1190 sic
867 1133 1017 1222 patrum
1030 1174 1041 1213 ,
1055 1119 1110 1190 sio
1130 1141 1205 1220 po·

34 1293 44 1316 ,
85 1241 269 1344 pulomm
285 1238 441 1338 imperia
459 1241 603 1315 ciuibus
621 1241 803 1342 sociisque
826 1255 1030 1344 praesunt,
1059 1257 1101 1318 ut
1117 1267 1207 1318 cor·
1316 1249 1325 1254 ’

83 1363 245 1466 poribus
272 1363 440 1436 animust
468 1362 611 1437 domini
643 1377 765 1438 autem
792 1387 918 1438 seruos
949 1364 1001 1436 ita
1030 1363 1208 1461 fatigant,
1280 1397 1283 1404 ·

84 1495 129 1558 ut
148 1481 295 1582 optima
310 1509 396 1584 pars
414 1481 551 1579 animi,
580 1482 677 1558 idest
702 1483 911 1587 sapientia,
939 1483 1106 1562 eiusdem
1123 1485 1216 1562 eui-¹

86 1603 142 1678 mi
177 1604 332 1678 uitiosae
371 1603 649 1708 imbecillasque
683 1621 845 1712 partes,
873 1617 918 1680 ut
938 1603 1140 1702 libidines,
1168 1619 1212 1680 ut

86 1726 327 1822 iracundiae,
356 1744 397 1802 ut
410 1729 706 1834 perturbationes
724 1746 861 1812 ceteras
875 1735 948 1810 (a),
968 1731 1209 1832 Augustinus

87 1867 223 1932 eontra
240 1855 438 1928 Iulianum
447 1855 575 1954 pelag.
589 1879 651 1930 ιν.
651 1854 711 1952 ff
722 1855 787 1932 01.

168 1977 240 2050 Est
264 1971 363 2048 enim
385 1997 496 2072 genus
517 1973 672 2053 iniustae
698 1973 914 2070 seruitutis,
946 1997 1034 2046 cum
1060 1968 1100 2042 hi
1125 1985 1212 2046 sunt

88 2096 264 2191 alterius,
294 2095 432 2198 quisui
449 2109 607 2198 possunt
628 2118 731 2192 csse,
762 2121 850 2172 cum
874 2110 996 2170 autem
1020 2093 1060 2169 hi
1084 2089 1211 2168 lamu-

87 2218 215 2296 lantur
230 2217 275 2288 (ὅ)
295 2224 366 2323 qui
393 2220 469 2294 sibi
498 2218 689 2294 moderari
704 2233 930 2320 nequeunt,
964 2216 1073 2293 nullu
1102 2221 1212 2293 iniu-

88 2349 149 2421 ria
171 2355 255 2420 est.
281 2339 438 2414 Nonius
454 2341 816 2442 uos-fimulantur,

170 2459 323 2534 XXVI.
341 2457 380 2532 Si
396 2457 521 2532 scieris
541 2511 552 2555 ,
571 2458 692 2562 inquit
706 2459 937 2554 Carneades,
956 2458 1124 2562 aspidem
1141 2481 1213 2538 oo·

90 2575 192 2658 culte
207 2572 320 2652 launa
335 2578 503 2678 uspiam,
523 2565 566 2651 et⁸
576 2576 669 2650 uelle
685 2577 845 2680 aliquem
856 2577 1134 2684 imprudentem
1146 2605 1211 2654 su·

87 2721 157 2806 per
171 2723 257 2775 eam
279 2695 470 2792 adsidere,
500 2696 606 2772 euius
622 2721 727 2777 mors
751 2697 820 2772 tibi
836 2697 1131 2776 emolumentum
1149 2699 1212 2770 fu-

91 2841 175 2902 tura
200 2823 274 2922 sit,
301 2821 475 2926 improbe
491 2821 648 2916 seceris,
672 2821 745 2900 nisi
762 2822 950 2895 monueris
966 2849 1009 2914 ue
1027 2819 1218 2918 adsideat3

90 2951 157 3027 sed
185 2950 338 3050 impune
365 2961 526 3038 tamen,
555 2945 668 3018 scisse
704 2945 804 3022 enim
836 2957 871 3016 te
900 2947 982 3048 quis
1017 2972 1212 3050 coarguere

91 3060 253 3176 possit?
279 3063 345 3140 sed
368 3064 480 3140 nimis
498 3061 645 3139 multa.
673 3065 917 3164 Perspicuum
935 3082 992 3142 cst
1012 3069 1215 3161 enim,11i.

92 3190 124 3264 si
148 3183 336 3285 nequitae,
355 3179 474 3278 fides,
502 3179 641 3254 iustitia
659 3182 944 3282 proficiscantur
968 3211 989 3256 a
1007 3200 1136 3262 natura
1151 3218 1162 3282 ς
1180 3199 1218 3261 et
1330 3276 1339 3290 ,

92 3307 125 3384 si
144 3304 272 3381 omnia
291 3301 383 3376 baec
408 3299 456 3379 ad
473 3297 671 3378 utilitatem
689 3297 912 3404 referantur,
931 3300 1054 3381 uirum
1071 3301 1216 3385 bonum

135 3459 183 3526 (a)
207 3447 318 3510 Eadem
336 3445 446 3528 repetit
463 3443 645 3524 Augautinus
666 3446 701 3504 C.
720 3447 756 3502 D.
778 3464 845 3502 xiv.
866 3443 916 3513 23,
935 3439 1017 3506 cuius
1039 3443 1131 3502 uerba
1147 3441 1216 3506 lncic

94 3535 235 3614 ponenda
270 3543 363 3592 tunt:
392 3551 489 3592 recurre
522 3536 626 3588 Cicero
656 3534 689 3588 iu
719 3529 808 3588 libris
833 3525 872 3585 de
895 3547 929 3584 ra
949 3525 1073 3605 publica
1093 3548 1157 3586 cum
1176 3527 1216 3586 da

94 3625 287 3698 imperiorum
303 3615 479 3692 differentia
495 3614 667 3698 dispumaret
695 3623 725 3669 et
751 3612 843 3672 huius
865 3615 910 3672 rei
929 3612 1157 3678 similitudinem
1173 3631 1215 3671 ea·

95 3717 208 3763 narcara
241 3701 372 3762 bominis
400 3699 595 3769 adstrueret,
626 3709 660 3756 ut
676 3696 762 3770 ‚filiis
789 3696 873 3760 dixu
903 3699 1048 3774 imperari
1077 3701 1214 3780 corporis

96 3791 234 3847 menbris
249 3797 372 3866 propter
396 3783 553 3846 obediendi
566 3784 922 3862 sactltruemrutucsas
940 3799 1010 3840 staro
1032 3783 1125 3842 minu
1136 3801 1216 3864 pun

96 3883 167 3938 tes,
199 3879 233 3928 ut
260 3887 385 3940 suetos,
407 3871 560 3944 asperiore
592 3863 715 3942 imperio
735 3867 866 3922 rotroci-i
884 3863 895 3918 i
916 3869 959 3922 Et
981 3867 1085 3943 utique
1108 3862 1220 3946 ordine

97 3955 235 4014 naturali
254 3957 371 4013 animus
400 3953 592 4026 anteponitur
616 3947 755 4024 corporit
779 3955 807 4002 et
828 3956 924 4000 tamen
940 3949 1005 4020 ipse
1020 3949 1138 4004 animus
1157 3947 1216 4000 im-

94 4049 183 4114 perat
206 4037 327 4112 corpori
341 4031 476 4109 facilius
504 4049 593 4112 quam
618 4031 702 4088 sibi.
749 4027 794 4102 (b)
820 4023 972 4089 Sententia
999 4023 1217 4112 abrumpitur3
1325 4099 1326 4102 Ἴ

101 4139 189 4203 quam
207 4130 305 4175 tamen
322 4113 440 4194 explere
456 4111 539 4172 haud
555 4121 621 4176 erat
639 4105 774 4175 difficile.

146 4252 199 4348 (r)
224 4253 274 4320 De
291 4249 345 4321 his
355 4249 488 4341 legatur
499 4245 633 4316 Arnto-
694 4339 701 4352 Ι
721 4245 820 4352 randi
838 4243 956 4353 modos
983 4241 1160 4350 tradidisse
1179 4243 1216 4312 in

99 4343 183 4412 tales
213 4345 298 4434 reip.
318 4347 347 4410 1.
370 4367 414 4434 7,
438 4359 508 4406 vn.
543 4365 575 4409 a.
596 4339 629 4406 3.
692 4332 1217 4408 ibruexoterrois.Couleret1am

48 4459 55 4471 ¹
99 4438 196 4511 Idem
215 4437 318 4513 tlte
339 4437 387 4504 ait
398 4457 432 4504 se
445 4431 558 4538 uarios
566 4433 633 4502 im-
678 4425 858 4504 Platonem
874 4422 941 4536 leg,
961 4429 1029 4496 lll.
1047 4449 1083 4522 p.
1103 4429 1200 4527 ⁶9⁰⁹·
