3314 5658
1016 509 1215 574 XXXVIIII

103 613 229 690 cimbra
250 614 270 688 a
289 618 436 691 meolim
451 615 610 712 impressa
627 619 773 689 docent.
794 617 1009 688 Bobiensimn
1029 623 1187 688 codicum
1208 665 1221 704 ,

101 749 255 818 quornm
273 728 689 818 spectabilemnumerum
701 731 736 796 in
755 729 965 796 ambrosiana
987 727 1218 810 bibliotheca,

100 837 297 906 breviorem
307 841 342 905 in
360 841 512 907 vaticana
523 841 663 906 tractavi
676 884 685 922 ,
699 842 863 930 scriptura
876 841 1005 928 saepius
1015 843 1194 907 rotundior
1210 885 1219 922 ,

101 945 301 1014 inclinatior
328 951 584 1040 corruptiorque
608 965 687 1031 est,
722 965 956 1039 praeterquam
988 949 1024 1014 in
1049 945 1221 1028 Sedulio,

103 1057 162 1146 qui
180 1079 277 1122 nunc
302 1059 537 1123 est'Taurinir
556 1079 659 1147 quem
677 1073 788 1123 tamen
807 1056 958 1124 codicem
981 1055 1140 1123 monachi
1156 1056 1220 1144 ipsi

99 1163 280 1232 bobienses
293 1160 386 1230 band
398 1164 601 1252 scripserunt
614 1207 630 1243 ‚.
644 1164 671 1228 si
691 1163 829 1252 quidem
848 1161 973 1228 saeculi
992 1165 1073 1228 sexti
1091 1178 1140 1228 est
1153 1159 1184 1252 (r
1194 1158 1219 1252 ).

102 1273 204 1338 Extra
236 1269 485 1337 ambrosianam
514 1269 757 1338 bibliothecam
782 1268 907 1362 (cuius
934 1291 1121 1360 numquam
1151 1270 1222 1334 sine

102 1374 198 1444 dulci
218 1377 324 1442 animi
342 1398 440 1442 sensu
459 1373 647 1468 recordor)
667 1375 793 1442 multos
811 1399 873 1468 ego
885 1373 1008 1442 latinos
1025 1376 1143 1466 insigni
1163 1397 1223 1439 ve-

102 1503 228 1553 tustate
248 1485 382 1552 codices
405 1485 442 1551 in
466 1483 564 1552 ltalia
582 1487 675 1552 vidi.
701 1483 810 1566 Nam,
831 1501 870 1552 ut
889 1486 931 1553 de
950 1485 1077 1578 ingenti
1096 1487 1222 1552 vatica-

101 1615 230 1662 norum
254 1586 417 1662 codicum
431 1593 527 1682 copia
558 1591 730 1658 brevitatis
749 1615 847 1660 causa
874 1617 967 1660 nunc
978 1589 1125 1682 sileam,
1145 1615 1222 1654 am·-
1317 1633 1318 1636 =

103 1705 282 1771 brosianae
301 1705 442 1792 quidem
469 1701 773 1773 Mediolanensium
789 1701 970 1783 basilicae,
994 1719 1068 1769 tum
1091 1719 1124 1767 et
1143 1725 1221 1767 mo·

9 1837 10 1842 ¹
105 1811 288 1878 doetiensis
311 1805 495 1892 scaletin,
520 1806 685 1874 tabularia
705 1825 913 1898 pervetustus
932 1807 1038 1876 libros
1067 1811 1220 1876 habent.

9 1905 10 1988 Ῐ
108 1914 305 1998 Vercellis,
336 1933 469 2008 praeter
498 1915 711 1981 notissimum
746 1914 1011 2008 Evangeliorum'
1036 1913 1221 2006 stupuisset,

9 2021 11 2048 '
103 2027 380 2118 antiquissimum
410 2041 444 2091 et
467 2023 537 2092 fere
568 2023 694 2090 saeculi
715 2041 756 2090 vt
782 2039 831 2090 est
862 2023 1143 2092 clementinorum
1166 2053 1222 2094 rc·

9 2197 11 2222 ζ
104 2139 342 2232 cognitionum
357 2124 541 2200 volumens
565 2135 761 2224 etquidem
785 2136 821 2199 in
840 2133 911 2200 eins
935 2133 1148 2202 Gathetlralis
1167 2161 1223 2202 ar·

10 2289 11 2336 p
103 2245 179 2313 chio
200 2246 280 2335 plus
310 2244 450 2310 ducenti
469 2257 548 2308 sunt
577 2243 679 2330 prisci
704 2243 860 2321 codices,
879 2263 964 2332 qnos
994 2243 1082 2308 inter
1105 2243 1222 2308 homi-

102 2353 243 2421 liarium
262 2349 579 2446 anglo-saxonicum
592 2395 602 2431 ‚
617 2373 739 2440 corpus
759 2347 874 2442 legum
886 2349 1130 2432 barbararum,
1149 2351 1222 2418 col-

104 2461 208 2531 lectio
245 2485 413 2530 canonum
447 2463 616 2555 insignis,
645 2463 793 2528 lustinus
822 2475 1003 2548 pervetus,
1041 2477 1074 2528 et
1102 2463 1223 2552 copio-

104 2593 180 2637 sum
198 2568 333 2638 lexicon
351 2567 547 2634 latinitatis.
576 2567 695 2658 Neque
715 2581 805 2634 earet
828 2565 1049 2657 palimpsestis
1067 2566 1223 2638 archium

104 2681 335 2764 vercellense,
366 2697 573 2771 quamquam
603 2695 642 2746 ut
672 2695 755 2768 puto
785 2703 822 2745 re
853 2679 942 2746 bona
969 2683 1105 2748 v'eeuis.
1137 2687 1223 2750 Rem

102 2787 227 2857 utilem
247 2787 378 2854 iecisset
396 2787 450 2852 vir
481 2783 525 2852 cl.
541 2787 726 2878 Gregorius
757 2786 784 2851 si
809 2787 845 2851 in
863 2811 993 2877 nupera
1013 2785 1222 2858 litteraturae

103 2897 320 2967 vercellensis
350 2895 490 2962 historia
518 2891 710 2989 catalogum
735 2893 832 2960 nobis
850 2883 1038 2986 patriorum
1064 2899 1223 2972 codicum

103 3006 334 3076 exhibuisset:
357 3005 412 3069 rin
430 3005 521 3069 enim
539 3005 659 3070 dubito
677 2991 764 3093 quivi
783 3003 914 3099 aliquid
934 3005 1004 3094 opis
1026 3002 1222 3072 litterarum

102 3113 321 3181 incrementis
348 3127 388 3177 er
415 3107 477 3175 illo
507 3107 615 3175 nobili
641 3109 759 3174 archio
779 3111 1002 3198 repetentium
1020 3112 1091 3174 sit.
1117 3113 1219 3178 Mitto

103 3239 235 3290 veteres
259 3211 445 3286 multarum
472 3217 611 3284 urbium
630 3218 763 3284 codices
783 3241 793 3294 ς
814 3219 856 3282 ad
876 3238 931 3282 eos
950 3234 1061 3284 mente
1079 3234 1221 3310 propero

104 3354 188 3425 quos
213 3327 318 3420 paulo
349 3325 543 3423 diligentius
574 3348 676 3392 manu
703 3327 831 3392 versavi
864 3325 1018 3394 Veronae
1049 3329 1085 3395 in
1112 3331 1220 3417 patria

101 3437 272 3532 praeclari
291 3439 440 3531 magistri
460 3435 549 3519 mci,
586 3454 619 3502 et
647 3457 776 3504 summa
806 3433 890 3501 milri
915 3437 1038 3525 pietate
1059 3437 1220 3524 colendi5

103 3552 171 3618 rni
185 3553 226 3616 P.
240 3547 372 3641 Aloysii
382 3545 493 3614 Fortis
507 3590 517 3626 ,
529 3565 547 3608 a
558 3565 626 3634 quo
639 3566 730 3610 nunc
743 3544 891 3611 Societas
903 3541 978 3610 Iesu
990 3567 1153 3636 perpetua
1166 3551 1220 3616 di-

104 3661 235 3752 gnitate
248 3657 377 3748 regitur
392 3703 400 3720 .
421 3653 494 3732 lbi,
509 3651 735 3741 praeterieris
749 3649 857 3718 civilis
876 3649 1106 3741 palimpsestos
1120 3705 1129 3740 ‚
1143 3664 1220 3750 qni·

104 3768 170 3832 bus
182 3763 315 3857 egregie
328 3759 465 3826 litterati
480 3759 641 3826 Germani
654 3779 762 3846 nuper
777 3759 825 3822 usi
839 3767 919 3823 sunt
930 3774 944 3834 ς’
954 3755 1058 3826 lacem
1070 3763 1220 3853 popula-

105 3871 202 3939 ribus
219 3872 290 3936 suis
308 3865 515 3958 praeferente
534 3861 760 3930 illustrissimo
772 3863 958 3932 Niebuhrio
973 3912 983 3947 ‚
997 3867 1057 3956 qui
1074 3871 1109 3934 in
1128 3887 1221 3938 tanta

101 3977 281 4048 doctrinae
293 4020 304 4054 ,
315 3973 442 4065 ingenii
453 4019 463 4053 ‚
476 3987 576 4059 atque
594 3969 674 4034 artis
688 3969 822 4036 criticae
836 3965 942 4062 gloria
956 3989 1130 4051 versatum
1146 3977 1193 4042 ibi
1207 4025 1217 4060 ,

105 4089 268 4176 inquam,
293 4082 473 4170 rescriptos
490 4078 622 4146 codices
640 4075 722 4144 alios
741 4077 811 4145 vidi
829 4077 882 4144 his
900 4077 970 4146 fere
988 4083 1075 4147 notis
1095 4083 1216 4152 distin-

108 4207 176 4260 ctos
195 4211 249 4261 LI.
263 4209 347 4258 Llll.
365 4207 507 4280 lunt.
523 4205 692 4255 Lxxxul.
710 4205 859 4256 mxv.
886 4207 1006 4258 xcvu.
1033 4211 1216 4278 cxxxiiii,-

142 4433 195 4512 μ)
216 4424 356 4503 catalog.
380 4419 779 4502 mss.nurint.11.p.2tt.
812 4385 822 4422 i
