3314 5658
409 585 463 675 gi,
475 599 546 646 nou
561 593 676 646 tamen
694 579 844 646 tn'utatus
861 603 969 650 annus
982 595 1070 651 :tant
1086 579 1174 650 eniin
1190 579 1407 670 novendiales
1425 577 1523 668 feriat

415 689 536 778 prioris
555 688 722 776 incoepti,
736 709 838 776 quam
848 686 967 756 latinas
981 691 1173 780 posterioris
1187 737 1197 771 ,
1210 692 1279 779 ipse
1289 702 1408 754 auctor
1421 683 1522 751 suiset

410 793 676 862 dicit'l'uditano
704 811 739 860 et
752 793 895 885 Aquilio
915 795 1112 864 consulibus
1124 794 1200 892 (r),
1220 799 1305 864 idest
1323 794 1525 863 varroniano

409 924 499 969 anno
520 917 673 982 ocxxv,
695 922 764 991 quo
786 898 942 994 dialogus
961 903 1144 969 recitatur.
1174 905 1349 970 Praeterea
1369 921 1527 989 personas

408 1007 573 1096 principio
593 1005 673 1072 fecit
696 1004 922 1090 Africanum,
943 1007 1120 1091 Laelium,
1139 1008 1302 1090 Philum,
1323 1004 1525 1088 Manilium,

411 1116 650 1198 Tuberonem,
665 1115 838 1184 Fannium
858 1133 892 1182 et
913 1116 1108 1186 Scaevolam
1118 1114 1194 1210 (a).
1213 1123 1307 1186 Tum
1324 1113 1405 1181 alibi
1419 1111 1472 1205 (3)
1484 1113 1527 1182 atl

413 1221 589 1314 dialogum
608 1221 763 1312 adiungit
782 1221 884 1304 etiam
904 1219 1093 1289 Rutilium.
1117 1223 1275 1288 Mummii
1288 1241 1428 1310 persona
1447 1242 1529 1312 nus·

412 1349 513 1416 quam
535 1342 634 1391 antea
650 1343 877 1414 apparuerat,
902 1328 967 1392 nisi
986 1319 1023 1394 in
1040 1327 1179 1418 paulurn
1194 1345 1352 1418 corrupta
1364 1327 1466 1394 Nonii
1478 1322 1528 1390 le·

421 1437 531 1504 ctione
546 1433 598 1526 (4)
610 1460 620 1512 ς
634 1459 725 1500 nunc
738 1459 817 1502 vero
831 1437 867 1501 in
878 1437 1039 1503 vaticanis
1052 1435 1204 1528 reliquiis
1216 1461 1285 1504 non
1297 1434 1399 1503 semel
1411 1433 1528 1524 loqui-

411 1565 469 1614 tur
483 1596 491 1611 .
517 1543 611 1612 Illud
625 1545 748 1611 mirum
763 1561 813 1612 est
830 1591 840 1626 ,
862 1547 954 1635 quod
967 1569 1074 1636 quum
1086 1549 1237 1615 Fannius
1247 1565 1281 1613 et
1294 1549 1329 1613 in
1346 1546 1457 1612 citatis
1475 1542 1529 1610 lo·

414 1657 461 1721 cis
480 1671 513 1720 et
532 1653 568 1720 in
587 1653 704 1720 codiee
735 1653 1039 1730 vaticanointersit
1056 1651 1214 1746 dialogo,
1242 1656 1278 1720 in
1298 1675 1398 1743 opere
1419 1669 1530 1718 tamen

411 1765 453 1830 de
472 1763 621 1829 amicitia
641 1785 716 1852 cap.
735 1781 807 1841 vlt,
819 1762 911 1829 idem
930 1760 1123 1832 aScaevola
1141 1763 1276 1830 dicatur
1294 1785 1365 1828 nou
1383 1761 1527 1828 adfuisse

312 1946 314 1959 .
412 1869 448 1935 iu
466 1868 575 1934 hortis
592 1869 760 1956 Scipionis
788 1889 868 1932 eum
885 1884 935 1933 est
959 1869 1002 1934 de
1020 1891 1090 1958 rcp.
1113 1869 1351 1959 disputatum,
1377 1889 1523 1957 cumque

413 1974 552 2041 Laelius
565 1973 795 2064 patrocinium
816 1973 962 2038 iustitiae
980 1975 1103 2066 gessit}
1116 1996 1300 2064 rursusque
1314 1971 1449 2042 Laelius
1464 1999 1528 2042 eo·-

411 2081 491 2148 dem
511 2082 546 2146 in
566 2103 667 2170 opere
694 2103 768 2169 cap.
785 2099 826 2146 tv
842 2097 1036 2168 ,praesente
1055 2081 1207 2163 Fannio,
1226 2082 1316 2147 dicat
1333 2079 1528 2150 Scaeuolam

330 2215 338 2226 ·
411 2187 603 2255 interfuisse
632 2210 751 2255 secum
771 2186 914 2282 dialogis
932 2187 975 2254 de
994 2211 1065 2274 rep.
1080 2211 1159 2252 cum
1178 2187 1278 2256 Philo
1297 2206 1331 2256 et
1355 2213 1434 2256 eum
1451 2187 1529 2256 Ma·

412 2291 497 2360 nilio
517 2309 551 2362 et
572 2291 649 2360 aliis
668 2291 828 2384 pluribus
842 2295 946 2385 ,quin
965 2311 1077 2358 tamen
1090 2291 1295 2382 peculiarem
1312 2296 1412 2364 faeiat
1430 2321 1525 2366 men-

413 2407 541 2472 tionem
552 2403 794 2499 FanniiSane
815 2402 854 2468 hi
871 2403 941 2470 duo
962 2399 1029 2468 loci
1049 2401 1201 2468 deamie.
1215 2405 1292 2469 satis
1314 2405 1466 2474 indicare
1480 2409 1528 2472 ri·

410 2513 536 2579 ‘dentur
544 2511 714 2576 Fannium
729 2507 872 2578 abfuisse
887 2510 983 2576 abiis
997 2509 1161 2602 dialogis,
1172 2513 1251 2600 quin
1261 2511 1384 2578 Cicero
1396 2557 1405 2591 ,
1417 2536 1525 2602 quum

412 2617 478 2684 alia
491 2635 648 2700 mutaret,
658 2617 747 2684 hanc
759 2637 894 2707 quoque
905 2639 1081 2706 personam
1095 2615 1224 2709 (unam
1233 2640 1275 2682 ne
1287 2641 1332 2684 au
1345 2614 1430 2683 forte
1444 2615 1525 2706 plu-

411 2731 521 2825 rcs‘t)
545 2731 787 2799 removendam
808 2723 1003 2820 putaverit:
1028 2745 1129 2818 atque
1149 2729 1198 2792 itu
1212 2730 1251 2794 in.
1264 2727 1461 2818 prohoemio
1481 2731 1525 2796 ad

410 2845 532 2936 fragm.
542 2843 585 2908 dc
596 2864 666 2930 rep.
682 2855 799 2906 censet
817 2839 1000 2929 Sigonius.
1014 2836 1080 2903 Sed
1095 2859 1276 2902 eccenunc
1293 2835 1401 2902 obstot
1420 2837 1525 2904 codex
1650 2843 1652 2852 '

411 2953 584 3018 vaticanus
598 2949 658 3039 qui
667 2944 791 3014 Fannii
803 2965 982 3034 personam
993 2943 1035 3007 ad
1046 2939 1221 3032 dialogum
1233 2941 1383 3008 adducit.
1393 2942 1524 3028 ltaque,

413 3085 457 3128 ne
476 3081 555 3127 cum
574 3055 614 3126 A.
631 3055 772 3126 Schotto
794 3051 847 3146 (5)
867 3052 1061 3142 preparetis
1079 3047 1213 3140 rodope
1231 3052 1406 3121 Ciceronis
1425 3053 1522 3118 incu-

411 3191 482 3237 sem
495 3213 505 3248 ,
518 3167 554 3233 id
572 3187 681 3232 unum
700 3161 864 3254 effugium
882 3177 1032 3248 superest
1046 3175 1108 3239 ,ut
1125 3158 1276 3226 Fannius
1295 3157 1434 3222 secundi
1453 3153 1522 3222 diei

413 3271 660 3364 disputationi,
684 3267 781 3333 ouius
799 3287 876 3353 pars
895 3267 989 3349 prior
1008 3265 1073 3325 fuit
1091 3265 1134 3326 de
1152 3265 1307 3339 iustitia,
1330 3287 1399 3330 uon
1418 3261 1523 3326 inter-

374 3451 381 3460 ,
413 3382 538 3459 fuerit,
557 3377 725 3467 digressus
744 3369 882 3436 fortasse
901 3389 980 3434 oum
999 3365 1067 3432 alio
1086 3366 1205 3454 quovis
1223 3364 1266 3428 ad
1287 3364 1443 3455 negotia;
1469 3365 1520 3434 uti

413 3503 489 3553 ante
513 3479 686 3574 dialogum
709 3479 751 3545 de
776 3493 907 3542 oratore
943 3471 1130 3568 secundnm
1162 3470 1306 3537 discedit
1327 3471 1519 3554 Scaevola,

418 3593 517 3660 euius
539 3589 589 3655 rei
613 3585 778 3651 rationem
796 3581 909 3648 reddit
926 3577 1039 3647 Attico
1059 3573 1113 3670 (6)
1135 3580 1205 3668 ipse
1230 3592 1376 3644 auctor.
1408 3575 1523 3668 Atque

415 3696 581 3766 eiusmodi
599 3691 877 3761 commutationes
889 3707 1109 3778 personarum
1120 3701 1154 3752 et
1165 3683 1334 3750 librorum
1352 3685 1388 3754 in
1406 3687 1520 3757 acade-

413 3791 509 3874 micis
523 3823 658 3894 quoque
672 3797 857 3868 scribendis
870 3797 987 3863 secisse
1006 3817 1041 3862 se
1057 3810 1172 3861 narrm
1185 3794 1307 3861 Cicero
1319 3790 1394 3886 (7).
1413 3795 1518 3863 Prae·

412 3935 467 3984 ter
482 3913 650 3980 librorum
668 3925 701 3976 et
723 3906 884 3997 temporis
902 3921 936 3970 et
954 3924 1174 3994 personarum
1194 3901 1392 3982 varietates,
1416 3897 1520 3971 aliam

412 4043 549 4115 quoquc
568 4022 752 4088 novitatem
771 4013 929 4106 cogitavit
945 4009 1054 4078 lacere
1073 4007 1249 4077 Cicero'in
1260 4003 1311 4071 his
1329 4002 1425 4074 libris
1444 4027 1517 4072 mo-

389 4181 397 4186 -
455 4147 502 4212 (ι)
527 4141 571 4195 De
588 4137 715 4214 rep.l.9.
727 4125 941 4208 adQ.rr.111.5.
1029 4127 1077 4202 (5)
1099 4127 1176 4185 Nod.
1189 4125 1249 4186 Cle.
1265 4127 1318 4184 lll.
1337 4123 1364 4185 5.

455 4227 501 4295 (a)
525 4221 574 4278 Ad
586 4225 621 4293 Q.
633 4219 668 4279 sr.
680 4221 733 4278 lll.
748 4215 776 4274 5.
842 4285 844 4290 Ι
1025 4213 1076 4284 ,(6)
1099 4209 1164 4270 Lib.
1179 4233 1223 4270 tr.
1241 4209 1286 4267 16.

452 4305 501 4378 (3)
526 4305 567 4362 At
583 4305 646 4360 Att.
666 4323 710 4362 rr.
726 4302 772 4360 ro.
882 4369 885 4379 ,
1007 4307 1013 4318 “
1028 4303 1075 4379 (7)
1099 4293 1149 4354 od
1165 4295 1227 4358 Au.
1241 4313 1312 4354 rur.
1328 4291 1372 4352 13.
1388 4291 1434 4352 ro.

456 4391 503 4461 (4)
528 4385 607 4452 Vide
625 4385 663 4446 de
681 4404 742 4467 rep.
761 4381 799 4449 V·
818 4375 886 4458 fimf
971 4437 974 4444 ,
1135 4391 1141 4402 ·
1304 4413 1310 4422 .
1419 4417 1427 4426 .
