3276 5660
453 517 828 586 ¹titanum.
1123 497 1211 619 257

103 665 107 668 ·
174 627 369 719 XXVIII.
386 635 506 740 Apud
525 642 747 718 Ciceronem
758 642 859 714 idem
872 634 942 713 ille
958 641 1131 714 iustitiae
1142 641 1216 714 de·

77 754 231 864 finem
250 763 429 858 Laetius,
454 761 559 858 uult,
579 769 731 864 inquit,
749 760 857 864 plane
881 763 995 836 uirtus
1010 761 1220 858 honorem

93 907 167 958 nec
184 900 242 960 eat
256 887 403 961 uirtutis
418 882 496 960 ulla
512 881 583 957 alia
598 909 764 979 merces;
781 909 895 986 quum
913 897 1037 960 tamen
1052 885 1141 980 illa,
1165 887 1222 960 in-

95 1005 207 1106 quit,
234 1007 375 1108 accipit
398 1004 537 1099 facile,
565 1005 677 1102 exigit
691 1029 768 1078 nun
793 1003 952 1080 acerbe.
980 1010 1034 1080 Et
1054 1008 1132 1084 olio
1158 1008 1221 1080 lo·
1333 1014 1344 1028 “

93 1147 144 1199 co
170 1126 275 1199 idem
298 1126 455 1198 Laelius
471 1156 480 1194 =
504 1121 601 1196 Huic
619 1136 659 1195 tu
675 1123 758 1196 uiro
775 1149 867 1222 quas
884 1123 1032 1199 diuitias
1051 1114 1224 1202 obicies?

95 1269 198 1350 quae
226 1237 415 1345 imperia?
445 1269 537 1345 quae
560 1236 701 1341 regna?
729 1243 794 1343 qui
813 1243 883 1316 ista
904 1259 1013 1345 putat
1031 1244 1224 1342 humana,

97 1395 168 1446 sua
192 1369 290 1443 bona
310 1365 435 1442 diuina
456 1365 623 1440 iudicat.
652 1365 724 1439 Sed
743 1367 780 1439 si.
802 1378 865 1438 aut
886 1367 1017 1464 inguati
1041 1362 1223 1468 uniuersi,

97 1507 167 1572 aut
190 1489 310 1564 inuidi
337 1485 475 1585 multi,
504 1502 568 1562 aut
597 1488 741 1560 inimici
772 1501 973 1588 polentae,
1004 1490 1078 1564 suis
1102 1491 1224 1564 niatu-.-

99 1631 182 1694 tem
207 1611 382 1717 praemiis
404 1609 592 1714 spoliante
613 1635 679 1685 uae
706 1607 771 1688 illa
795 1635 832 1682 se
853 1607 981 1684 multis
994 1609 1135 1686 solatiis
1156 1613 1224 1688 ob-

96 1745 241 1837 lectat,
269 1737 503 1842 maximeque
518 1761 587 1820 suo
605 1735 738 1811 decore
756 1735 890 1840 seipsa
908 1752 1112 1819 sustentat.
1140 1743 1221 1816 La.

98 1869 276 1946 ctantius
295 1868 386 1938 inst.
403 1887 446 1937 ν.
467 1863 512 1934 18
540 1874 580 1930 et
602 1887 650 1932 aa
670 1865 743 1932 (a).
849 1905 860 1918 --

180 1989 231 2064 In
248 1991 361 2061 tertio
379 1984 428 2057 de
442 1983 657 2088 republica
674 1982 773 2057 libro
800 1983 936 2061 Cicero
957 2011 1043 2064 cum
1062 1987 1219 2064 Horou·

94 2117 173 2190 lem
198 2126 238 2186 et
256 2110 459 2189 Romulum
477 2134 533 2184 eso
555 2107 774 2182 hominibus
793 2109 886 2184 deos
902 2135 983 2186 esse
985 2113 1128 2207 factos
1144 2115 1219 2190 ad-

94 2247 294 2314 seueroret
316 2272 337 2287 -
365 2230 537 2324 Quorum
561 2253 637 2302 non
665 2250 856 2338 corpora,
884 2237 1040 2332 inquit,
1075 2249 1159 2309 sunt
1183 2235 1223 2314 iu

96 2353 247 2435 caelum
268 2351 394 2450 elatu3
426 2377 542 2454 neque
567 2352 667 2432 enim
686 2367 814 2425 natura
841 2367 1050 2455 pateretur,
1085 2372 1127 2431 ut
1152 2359 1224 2453 id,

92 2478 203 2586 quod
215 2491 311 2553 esset
328 2503 348 2552 e
366 2491 460 2551 terra
476 2531 489 2574 ,
507 2476 578 2550 nisi
594 2475 634 2550 iu
650 2488 745 2548 terra
761 2491 926 2562 maneret
941 2481 1011 2549 (1).
1030 2476 1221 2581 Augusti.

90 2633 169 2686 uus
203 2605 452 2680 C-D.xx11.
473 2602 512 2696 4.

72 2776 74 2780 ,
180 2724 401 2823 Numquam
414 2720 486 2792 uiri
504 2719 698 2794 fortissimi
721 2719 980 2818 fortitudinis,
1008 2723 1220 2826 impiguita-

96 2847 169 2944 tis,
187 2841 387 2949 patientiae
390 2843 540 2946 fructu
556 2857 763 2924 caruerunt
782 2840 825 2914 (ὅ)
843 2899 852 2915 .
875 2845 1031 2929 Nouius
1047 2872 1134 2923 uoc.
1151 2857 1221 2926 tm-

92 2975 262 3074 pigritus
278 3021 289 3046 .

139 3167 190 3232 (a)
214 3159 365 3214 Postremo
389 3151 503 3212 scilicet
520 3151 588 3211 loco
606 3151 751 3228 leguntur
768 3153 879 3210 iterum
897 3151 1010 3229 aliquot
1028 3157 1140 3225 uerba,
1166 3161 1222 3222 aad

99 3259 170 3301 oum
188 3237 333 3295 uarietate
343 3259 349 3290 ε
361 3237 419 3294 illa
435 3237 537 3292 omnia
553 3235 684 3296 hamana
692 3276 702 3306 ‚
720 3255 777 3294 sua
788 3247 841 3293 ete
852 3235 959 3294 omisso
971 3249 1079 3318 putat.
1109 3241 1154 3312 (b)
1175 3242 1222 3300 lta

101 3319 284 3404 complenda
300 3317 422 3379 uidetur
438 3317 604 3376 sententia.

99 3481 220 3549 uidet.
236 3475 565 3551 Conferaturautem
578 3478 638 3547 Ci-
688 3477 724 3544 iu
744 3476 880 3546 Romul.
901 3505 973 3572 oap.
994 3487 1223 3566 xxv111‚ubi

101 3595 182 3641 cero
206 3571 272 3664 leg.
293 3575 322 3639 1.
347 3571 398 3657 ¹¹i·
437 3572 479 3638 Et
503 3571 641 3661 quidem
691 3571 829 3638 Romuli
849 3571 1061 3665 aliorumque
1092 3575 1224 3670 aliquot

101 3665 192 3760 apud
202 3665 415 3732 Lactantium
425 3661 590 3754 iust.v.17
603 3664 639 3728 in
686 3661 865 3732 homiuum
879 3712 887 3746 ,
902 3690 971 3734 non
983 3691 1125 3758 corpora
1140 3719 1149 3756 ‚
1164 3673 1223 3742 sed

101 3757 289 3826 Carneadia
318 3755 518 3822 refutatione
549 3751 639 3845 legi·
687 3757 816 3823 animos
830 3759 865 3823 in
878 3757 1122 3828 caelumiuisse
1135 3787 1223 3833 con..

102 3871 180 3914 mus
195 3873 286 3914 :non
298 3865 350 3914 est
361 3849 421 3914 itte
434 3851 573 3938 sopiens
583 3891 591 3924 ‚
603 3859 639 3910 ut
684 3841 797 3909 firmat
814 3848 961 3939 physicis
992 3857 1196 3944 argumentis
1210 3904 1218 3926 .

108 3937 318 4006 Cumaudes
340 3937 455 4004 uideri
477 3936 638 4016 uolebat,
686 3936 773 4000 Item
798 3936 943 4004 Ouidius
975 3961 1112 4008 metam.
1133 3965 1216 4014 xlv.
1296 4007 1304 4018 ,

100 4031 168 4100 sed
184 4029 333 4097 callidus
350 4046 385 4096 et
401 4043 531 4096 astutas
549 4041 613 4091 etc.
686 4025 754 4111 824
773 4027 814 4094 de
840 4027 978 4096 Romuli
1003 4031 1096 4098 obitu
1114 4037 1221 4104 icor-

152 4121 206 4216 (1)
233 4123 364 4188 Locum
385 4119 478 4186 huno
505 4115 639 4210 legebat
680 4143 747 4211 pus
763 4121 909 4188 manate
923 4148 990 4215 per
1007 4127 1220 4198 aorasdila·

104 4213 142 4279 in
165 4212 262 4280 libris
281 4215 322 4280 de
345 4235 417 4302 rep.
437 4210 537 4276 etium
568 4210 639 4274 La·
679 4235 779 4304 psum
803 4228 942 4282 tenues.
965 4215 1142 4306 Legendus
1169 4236 1219 4288 est

106 4307 252 4371 etantius
265 4307 342 4371 inat.
357 4309 385 4370 1.
404 4305 456 4378 15;
475 4302 639 4369 eundem·
685 4302 727 4368 de
747 4301 811 4367 hae
822 4327 859 4369 re
872 4305 993 4373 Cicero
1013 4321 1097 4372 tusc.
1118 4311 1144 4377 Ι.
1165 4333 1216 4382 12·

100 4417 173 4483 qao
195 4393 311 4462 locum
332 4417 411 4484 prae
442 4391 549 4459 oculis
573 4391 636 4456 ha·
684 4409 739 4458 av.
761 4417 818 4472 υς
837 4395 880 4461 de
894 4395 950 4466 ott.
965 4399 1028 4468 111.
1045 4403 1077 4480 ὃς
1093 4401 1127 4472 in
1141 4403 1215 4478 Cat.

101 4482 217 4559 buiaae
260 4488 397 4560 uidetur
430 4480 636 4558 Plutarchus
682 4481 781 4556 Illo.
1205 4538 1212 4550 .

835 4545 969 4672 aa
