3276 5660
459 523 707 618 ,ttaeu
755 519 823 592 111.
1110 489 1199 600 243

98 665 252 751 egestate
264 656 309 726 (a)
324 671 366 726 sc
379 647 535 724 miseriis
555 647 753 722 iacendum
768 644 813 716 (b)
834 695 844 716 .
871 637 1100 719 Lactantius
1115 645 1207 720 inst.

94 803 135 854 ν.
156 777 217 849 16.
814 763 832 772 ’

95 951 399 980 .........
439 911 602 1006 praeter
627 875 810 978 Arcadas
843 899 885 972 e't
910 877 1205 992 Atheniensis,
1236 907 1270 964 e.
1293 915 1319 964 s.

96 1003 557 1152 qui‚credd,timentes
573 1033 654 1118 hoc
673 1027 944 1114 interdictum
961 1031 1138 1116 iustitiae
1156 1061 1209 1114 ne

100 1171 275 1290 quando
294 1167 485 1256 existeret
502 1191 581 1275 (ι),
612 1167 841 1254 commenti
865 1187 962 1250 sunt
985 1199 1028 1253 se
1053 1168 1106 1254 de
1124 1189 1210 1252 ter-

95 1340 175 1415 ra,
209 1329 425 1427 tamquam
449 1309 526 1394 hos
552 1335 602 1396 ex
625 1309 737 1392 aruis
762 1305 978 1391 musculos
997 1323 1075 1412 (α),
1102 1299 1213 1392 exti-

97 1446 228 1534 tisse.

53 1573 56 1578 ¹
159 1581 280 1673 XVL
306 1577 375 1676 Ad
392 1588 491 1678 haec
508 1581 580 1677 illa
599 1589 684 1678 dici
701 1587 840 1674 solent
856 1589 1038 1703 primum
1058 1589 1110 1674 ab
1129 1580 1177 1676 iis
1195 1638 1209 1696 5

99 1731 175 1846 qui
208 1731 379 1818 minime
416 1753 513 1818 sunt
544 1726 595 1816 in‘
614 1729 858 1816 disserendo
891 1731 1020 1840 mali3
1055 1736 1130 1850 qui
1165 1735 1211 1816 in
1270 1843 1283 1856 ι

97 1865 174 1969 hac
199 1893 241 1962 tc)
269 1895 390 1956 causa
413 1899 463 1956 eo
488 1863 585 1988 plus
609 1863 861 1956 auctoritatis
885 1869 1077 1976 habent‚'
1110 1873 1212 1989 quia

142 2044 190 2118 (a)
211 2043 260 2104 nl.
278 2051 467 2106 necessitate.
486 2035 546 2106 sed
567 2035 674 2103 melius
689 2053 881 2121 egestate‚ut
899 2034 1054 2106 conlirmat
1070 2035 1215 2128 epitome.

139 2131 187 2201 (b)
211 2128 347 2206 Epitome
364 2129 450 2188 addit
469 2153 476 2184 ε
503 2133 586 2210 quod
602 2135 630 2188 si
634 2129 766 2203 jecerint
785 2171 794 2197 ,
812 2135 909 2187 iustos
926 2133 1056 2190 dicemus
1078 2135 1218 2211 quidem,

100 2214 156 2270 secl
172 2223 269 2271 tamen
285 2216 397 2272 stultos
414 2213 550 2274 iudicare
565 2231 680 2274 necesse
695 2223 759 2280 est,
783 2218 837 2291 qui
854 2217 978 2273 catallis
993 2221 1115 2291 prosint
1131 2255 1142 2286 ,
1159 2213 1219 2273 sut

98 2311 203 2357 nocere
220 2300 412 2360 contendant.
436 2305 477 2372 (c)
500 2300 546 2358 lta
564 2295 772 2364 coda-mamm
784 2305 814 2354 et
828 2306 961 2377 neapro
976 2299 1048 2358 hac.

147 2440 201 2540 (ι)
229 2451 342 2518 Verba
379 2440 551 2520 interdicti
596 2473 636 2518 ex
682 2439 763 2530 des,
776 2441 836 2543 qui
846 2453 1025 2522 obscuram
1039 2470 1140 2546 atque
1153 2440 1219 2528 liu·

100 2536 184 2610 Caio
213 2558 266 2607 tv.
292 2549 352 2612 155
386 2557 638 2636 cognoscuntur
682 2545 1000 2612 miiemconct'endo
1013 2547 1113 2616 adse
1125 2549 1219 2616 mui-

98 2631 184 2700 haec
199 2658 209 2694 ε
222 2639 273 2701 uti
281 2635 636 2729 possidetinquaene·
682 2634 895 2716 titudinem,
930 2654 1050 2705 natam
1078 2656 1220 2709 eterra

99 2749 164 2818 que
183 2731 241 2806 ui,
261 2753 369 2887 nepus
388 2727 478 2796 eiam
499 2775 508 2810 ,
527 2744 637 2821 neque
684 2727 753 2794 sibi
766 2727 902 2819 prolem
920 2723 1220 2800 ementiebantur.

123 2843 261 2886 recano
275 2847 297 2887 a

96 2843 300 2978 lsi'cietist
312 2908 339 2977 si
352 2909 489 2999 publice
503 2910 639 3000 populis
685 2900 752 2976 iius·
771 2957 779 2974 .
804 2907 916 2975 Aliter
939 2909 1031 2992 idem
1054 2915 1222 2981 Censori-

100 3001 364 3069 interdiceretur
396 3045 406 3079 ,
449 3001 638 3068 cedendum¹
684 3020 748 3064 nus
769 2993 1022 3088 deArcadibus
1042 3025 1078 3069 ca
1108 3027 1222 3076 ‚xm

100 3111 188 3161 esset
218 3093 259 3158 de
288 3091 493 3178 possessione
523 3093 638 3156 onmi-
731 3087 785 3180 (a)
810 3085 1014 3177 Disputatur
1036 3029 1167 3160 scilicet
1184 3101 1222 3164 in

99 3183 165 3248 hus
185 3227 196 3264 ‚
223 3181 282 3270 qni
300 3177 446 3246 alienam
465 3205 502 3247 re
527 3181 638 3250 ionem
684 3197 780 3266 prato
801 3177 816 3270 (
828 3177 901 3270 lib„
916 3181 944 3244 L
970 3177 1036 3272 ια)
1056 3183 1116 3248 ubi
1144 3207 1223 3254 mu-

101 3274 321 3341 inuasernnt.
337 3275 455 3362 Itaque
469 3205 534 3340 soii
552 3276 640 3343 abo·
686 3269 774 3338 sculi
785 3267 934 3362 conspici
946 3279 1122 3358 poteraut
1132 3268 1223 3344 sicu-

100 3368 227 3459 rigines
247 3367 283 3432 in
299 3367 503 3456 possessione
523 3385 639 3435 mane·
686 3367 712 3430 ti
736 3389 755 3431 a
780 3363 1030 3452 disputantibus
1048 3367 1144 3434 acad.
1166 3377 1222 3434 tv.

101 3477 199 3526 rent.
220 3461 307 3528 Hinc
325 3449 475 3525 Arcades
485 3473 519 3524 et
529 3457 638 3552 Athe·
686 3461 728 3528 25
749 3461 958 3544 spectatore
979 3455 1079 3525 litore
1103 3461 1222 3526 nauis.

101 3552 247 3619 nienses-
274 3561 399 3620 semet*
420 3549 637 3634 ἆυτοχθέναι
685 3549 768 3618 Heic
783 3572 866 3616 uero
886 3547 1042 3640 loquitur
1051 3551 1172 3619 Cicero
1186 3575 1225 3620 ex
1335 3611 1338 3618 .

103 3641 393 3732 appellator-unu
419 3665 522 3735 quam
544 3641 639 3711 scili·
686 3641 1227 3733 eorumphysicorumsententia,

103 3726 164 3801 cet'
175 3736 300 3802 horum
310 3735 518 3826 populorum
537 3759 640 3825 prae⁴
686 3739 746 3823 qui
778 3733 950 3802 musculos
982 3751 1071 3803 terra
1096 3739 1227 3828 genitos

101 3829 294 3916 rogatiuam
329 3843 516 3894 memorant
546 3827 639 3894 Oui-c
685 3827 894 3914 putabant‚e
910 3822 1035 3916 quibus
1046 3842 1095 3892 est
1107 3829 1227 3895 Sextus

104 3919 182 3983 dius
193 3917 635 4006 sastlLass9zStatiustheb.
686 3913 988 4006 emp.I‚ff.41v:quo
1009 3914 1087 3982 loco
1102 3917 1226 3982 Fabri-

105 4025 161 4075 1v.
183 4015 260 4101 2753
279 4007 419 4078 Seruius
439 4009 483 4077 G.
497 4012 542 4076 11.
558 4009 637 4097 3423
686 4007 758 4074 cius
772 4019 848 4096 post
860 4001 902 4072 sal
916 4005 951 4070 θ’
963 4003 1003 4072 s's
1015 4003 1075 4087 pic
1094 4003 1227 4098 egregie

104 4103 311 4169 Censorinus
335 4124 407 4192 cap.
428 4119 492 4178 rv:
517 4101 638 4170 Suidas
685 4093 875 4190 suppletis
889 4095 977 4185 μός,
998 4099 1226 4187 quamconie-

104 4214 181 4258 noc.
202 4191 299 4260 sidus.
318 4211 352 4258 et
370 4217 447 4262 uoc.
460 4217 558 4284 ospes.
572 4192 638 4262 εἶθ.
686 4209 818 4259 cturam
836 4209 927 4255 nunc
946 4189 1029 4254 mire
1045 4188 1224 4256 confirmat

107 4287 233 4354 Confer
256 4286 357 4350 etiam
375 4287 577 4352 Pausaniam
597 4305 633 4351 v.
684 4285 829 4352 Cicero.
869 4278 1077 4369 Opinionem
1109 4282 1223 4349 reiicit

111 4400 140 4439 r.
166 4372 275 4442 Aliter
299 4378 418 4444 Liuius
442 4379 469 4443 l.
484 4383 518 4446 8:
540 4395 637 4446 tiete-
683 4375 882 4441 Lactantius
899 4374 980 4438 inst.
995 4374 1040 4437 ll.
1054 4375 1087 4442 8.
1109 4371 1143 4438 ff.
1165 4374 1221 4466 37.

106 4489 145 4538 re
173 4468 317 4540 cornilio
334 4469 555 4542 condentium
580 4493 639 4540 ur·
684 4463 902 4604 fleminespn
913 4464 1069 4535 omnibus
1080 4464 1178 4536 terris
1190 4479 1225 4536 et

312 2815 422 2888 terub
436 2821 547 2890 altero
557 2845 639 2911 pos·
684 2817 772 2885 Hinc
792 2815 853 2884 illa
878 2815 1008 2885 locutio
1038 2826 1221 2915 terr-aefi-
