3234 5658
434 581 698 654 fernen
747 587 778 649 r
1129 560 1185 676 75

76 697 185 790 ciues
210 709 372 784 summa
398 699 550 785 iustitia
574 723 776 818 reguntur
802 723 882 805 (dt
907 699 1013 784 inest
1036 715 1177 786 tamen
1276 779 1281 788 .

73 837 116 938 in
151 867 199 920 ee
240 837 485 928 condicione
522 845 670 957 populi
704 839 934 928 similitudo
970 839 1180 957 quaedam

73 980 317 1074 seruitutis:
351 985 386 1066 'si
411 979 682 1072 Athenienses
723 981 978 1101 quibusdam
1012 1003 1184 1095 tempo-

76 1113 221 1222 ribus,
256 1117 423 1206 sublato
449 1147 727 1242 areopagon)
751 1155 829 1230 (ν),
863 1123 969 1208 nihil
994 1126 1071 1207 nisi
1098 1153 1185 1236 PO-

73 1237 157 1370 puli
181 1263 297 1346 scitis
315 1294 360 1348 ac
378 1262 556 1352 decretis
575 1267 778 1382 agebant3
805 1267 1008 1382 quoniam
1027 1263 1180 1348 distin-

74 1421 155 1488 ctos
182 1401 394 1518 dignitatis
419 1406 572 1524 gradus
599 1425 685 1492 non
710 1407 955 1510 habebant,
990 1435 1077 1489 non
1112 1427 1183 1490 te-

75 1538 195 1626 nebat
227 1566 428 1650 ornatum
454 1577 578 1634 suum
602 1549 775 1632 ciuitas.

121 1680 338 1770 XXVIII.
372 1681 511 1802 Atque
529 1686 610 1772 hoo
627 1685 783 1803 loquor
801 1681 855 1768 de
875 1682 1007 1768 tribus
1025 1683 1087 1768 his
1105 1717 1178 1802 ge-

73 1817 239 1906 neribus
274 1823 708 1940 rerumpublicarum
733 1853 821 1910 non
852 1821 1030 1908 turbatis
1058 1844 1182 1940 atque

104 2055 148 2122 (a)
169 2045 438 2130 Codsnreopngo,
461 2049 524 2110 sine
550 2048 611 2110 ulls
629 2041 856 2112 emendatione.
881 2052 1055 2110 Mutandum
1082 2051 1181 2108 censui

66 2127 215 2190 lectionem
225 2148 359 2211 propter
369 2133 495 2192 nominis
506 2127 839 2206 nimism'celebritntem
849 2179 858 2206 ,
870 2155 944 2212 qnae
962 2134 1076 2194 librarii
1094 2152 1181 2190 men-

67 2213 132 2272 dum
158 2236 327 2293 coarguere
351 2217 489 2274 uidetur.
512 2223 652 2278 Ceterum
670 2219 787 2294 uulgari
805 2219 851 2276 illi
869 2224 1010 2298 areopagi
1027 2216 1180 2295 etymolo-

67 2296 127 2372 giae
143 2298 237 2359 fidene
259 2299 384 2377 derogat
403 2301 501 2362 Varro
519 2301 600 2379 apud
616 2301 815 2378 Augustinnm
831 2304 866 2361 C·
877 2305 913 2360 1).
935 2321 1031 2360 xrru.
1049 2321 1094 2358 rc.

69 2489 191 2557 Confer
219 2493 306 2557 item
330 2491 507 2560 Lucanum
535 2493 600 2558 111.
642 2511 708 2579 que
755 2489 948 2580 republica
975 2491 1204 2560 nominatim'

69 2585 144 2648 301.
157 2589 230 2672 sqq.
307 2603 320 2628 ·
642 2581 818 2672 scripserat
836 2579 1067 2652 Aristoteles,
1093 2597 1175 2648 teste

71 2705 75 2712 ·
112 2671 166 2762 (r)
190 2675 420 2764 Optimutinm
455 2691 598 2766 potestas
641 2671 914 2743 Athenaeoxnr.
932 2683 963 2747 5.
983 2675 1174 2744 DeMassi-

69 2765 203 2832 uidetur·
220 2768 410 2834 diutissime
429 2765 596 2836 Massiliae
639 2763 704 2832 liae
728 2768 857 2858 grnems
874 2765 1008 2856 legibus
1028 2783 1062 2831 et
1077 2764 1173 2831 litte·

8 2883 9 2890 ¹
71 2855 276 2925 obtinuisses
296 2877 537 2936 commemorat
556 2884 597 2926 ea·
639 2873 779 2931 natura,
802 2856 998 2964 triplicique
1023 2855 1173 2950 lingua,
1265 2905 1268 2908 -

70 2947 135 3012 nim
153 2973 229 3017 esna
251 2947 446 3020 Aristoteles
457 2953 541 3040 reip.
558 2971 595 3018 v.
681 2972 759 3014 aeca
778 2947 907 3014 scihcet
919 2945 1024 3014 latina
1043 2964 1077 3014 et
1094 2944 1174 3040 gel-

71 3039 99 3104 6.
126 3059 248 3130 r1.7;
273 3058 347 3106 tum
376 3043 499 3109 Cicero
535 3063 597 3129 pro
656 3039 735 3117 ica,
765 3034 839 3128 lege
862 3037 1055 3105 Varronem
1078 3040 1176 3126 apud·

71 3125 158 3195 Flac.
179 3150 281 3198 xxva
312 3133 453 3196 eandem
478 3129 598 3195 urbem
640 3128 720 3194 Isid.
732 3127 820 3214 orig.
834 3145 900 3191 xv.
920 3128 1020 3202 ress
1034 3143 1069 3191 et
1080 3127 1173 3212 apud

70 3239 123 3285 sun
137 3221 253 3286 adhuc
264 3235 372 3285 aetate
384 3219 599 3310 optimatium
640 3216 886 3304 Hieronymum
903 3212 1000 3304 prole
1026 3263 1033 3279 .
1049 3213 1110 3280 lib.
1126 3217 1173 3283 II.

70 3309 208 3378 consilio
226 3312 490 3378 administratam
502 3312 597 3378 dicit.
641 3323 762 3374 comm.
777 3303 911 3373 sdGsl.
926 3309 977 3376 Co
1016 3329 1053 3374 er
1070 3305 1173 3376 etiarn
1243 3363 1245 3368 ,

70 3401 282 3470 Massiliensis
305 3425 390 3492 resp.
417 3401 599 3494 diligenter
641 3397 1196 3477 CaesaremB.G.ll.ra;Tseitnnr‚

71 3491 271 3562 describitur
304 3519 323 3559 a
350 3493 515 3564 Strabone
540 3513 595 3561 ιν.
638 3487 753 3582 Agris.
776 3509 841 3567 lv:
860 3488 985 3558 Silium
1003 3511 1070 3559 xv.
1095 3493 1170 3584 169.

70 3605 190 3678 pepi.
211 3605 286 3676 sqq.
317 3586 508 3679 Regebatur
536 3587 596 3650 ni-
638 3581 777 3648 Homeri
807 3582 911 3648 editio
937 3607 997 3650 seu
1022 3585 1173 3652 recensio

70 3678 191 3744 mirum
227 3696 461 3745 sexcentorum
500 3680 596 3766 opti-
639 3672 854 3742 massiliensis
890 3671 1050 3742 landatur
1084 3675 1172 3744 inter

70 3771 205 3835 matium
221 3773 421 3836 anctoritate
435 3818 445 3853 ‚
457 3771 519 3860 qni
535 3771 595 3836 di·-
637 3764 768 3833 nobiles
786 3766 823 3830 in
841 3765 979 3832 scholiis
996 3767 1149 3835 nenetis.

70 3865 244 3954 gnitatern·
261 3862 452 3930 retinebant
483 3862 595 3950 quoad
684 3855 737 3950 (a)
760 3853 1001 3949 Areopagum,
1032 3860 1084 3924 sin
1102 3861 1171 3926 mie

70 3955 134 4021 nita
146 3955 595 4040 maneret‚dicebsnturqne
636 3972 701 4015 nns
720 3945 916 4028 sublatum,
935 3965 1026 4016 certe
1045 3947 1168 4014 debili·

70 4046 243 4134 τιμοὸχοι.
270 4049 318 4114 Ex
353 4047 406 4113 his
435 4044 596 4112 sexcentis
637 4031 747 4106 t'atum
786 4041 978 4126 queruntur
1016 4053 1168 4106 auctores

70 4157 243 4226 praeerant
267 4139 495 4229 quindecima
535 4136 596 4222 qui
637 4133 738 4219 prisci
751 4130 841 4220 apud
850 4129 1039 4199 Meursinm
1058 4131 1093 4195 in
1104 4126 1167 4197 lib.

71 4234 264 4320 quotidiana
284 4233 417 4321 negotia
436 4225 596 4318 expedie'-
636 4225 679 4290 de
708 4245 820 4311 areop.
846 4244 920 4311 cap.
942 4243 995 4294 rx.
1027 4222 1094 4291 Sed
1126 4223 1169 4290 de

70 4319 169 4390 bant:
192 4346 310 4392 rursus
334 4321 477 4389 iterlros
495 4319 597 4410 qnin-
638 4313 703 4380 hac
739 4339 776 4382 re
806 4313 959 4380 conferre
998 4312 1169 4383 suffecerit

73 4414 181 4480 decim
198 4439 387 4504 supr-emens
399 4425 596 4503 potestatem
635 4407 793 4474 Isocratis
811 4406 1068 4496 areopagitiesnr
1092 4427 1168 4472 orn·-

70 4517 137 4574 tses
153 4505 339 4576 habebant.
360 4511 411 4580 De
429 4503 494 4572 hac
510 4521 597 4594 qno·
640 4497 784 4584 tionem,
788 4499 991 4634 praesertim
1006 4517 1166 4590 sapum.
