3276 5660
503 447 747 525 'erran
781 443 848 524 ui.
972 521 979 530 ,
1152 459 1242 546 229

115 575 222 650 lotas
242 557 323 650 tota
336 570 572 677 promineat,
591 587 628 650 et
642 576 690 652 ad
700 577 790 652 bene
809 571 1019 652 laciendum
1035 599 1151 676 prona
1171 575 1241 668 sit,

104 713 158 772 -ut
181 696 471 800 quamplurimis
488 701 630 801 prosit.
658 701 773 793 Quasi
790 726 878 774 uero
903 699 940 773 in
966 699 1150 775 iudicibus
1173 723 1239 784 so÷
1325 781 1330 792 ,

112 817 184 914 lis,
198 837 311 923 atque
327 820 365 898 in
382 836 561 923 potestate
580 823 700 924 aliqua
718 821 924 898 constitutis
940 823 1076 896 iustitia
1091 848 1165 896 esse
1177 820 1243 896 dc-

111 937 207 1015 beat
228 999 241 1040 ,
265 957 301 1017 et
316 927 391 1017 non
408 943 446 1016 in
463 943 660 1018 omnibus.
686 943 827 1044 Atquin
843 946 889 1016 (τι)
903 941 1025 1018 nullus
1042 956 1097 1016 est
1112 939 1239 1014 homi-
1299 971 1302 976 λ
1328 985 1336 1000 ·

108 1088 211 1138 num
236 1117 250 1159 ,
277 1089 323 1138 ne
338 1064 571 1138 infirmorum
590 1063 636 1136 (ὂ)
654 1062 804 1163 quidem
821 1087 864 1134 ac
885 1061 1142 1148 mendicorum
1161 1115 1173 1156 ‚
1204 1057 1245 1131 in

113 1210 241 1286 quem
260 1185 395 1260 iustitia
422 1184 550 1260 cadere
567 1210 641 1258 non
660 1183 801 1285 possit.
829 1183 901 1256 Sed
921 1185 1005 1286 quia
1026 1184 1243 1284 ignorabant

109 1305 217 1412 quid
247 1322 368 1404 esset,
396 1305 493 1382 unde
524 1303 751 1408 proflueret,
780 1301 870 1405 quid
903 1304 1024 1405 operis
1059 1303 1240 1399 haberet,

108 1450 313 1504 summanr
327 1424 445 1533 *illam
464 1427 668 1522 uirtutem,
697 1423 738 1499 id
769 1439 824 1500 est
851 1448 1050 1499 commune
1070 1425 1246 1506 omnium-

111 1547 269 1625 bonum
286 1605 298 1646 ‚
317 1548 447 1653 paucis
463 1549 669 1624 tribuerunt
690 1603 702 1644 ‚
729 1575 881 1650 eamque
914 1545 1032 1623 nullas
1066 1548 1241 1624 utilitates

111 1673 294 1774 proprias
314 1670 488 1772 aucupari
505 1670 610 1766 „sed
624 1667 747 1743 alienis
767 1683 911 1744 tanturn
929 1669 1139 1745 commodis
1156 1681 1248 1744 stu-r

55 1859 59 1872 ,
110 1791 204 1866 dere
227 1791 421 1868 dixerunt.
450 1791 528 1867 Nec
546 1790 731 1865 immerito
758 1790 879 1866 extitit
902 1789 1135 1885 Carneades,
1164 1785 1238 1882 leo-

107 1933 185 1988 mo
204 1939 354 1988 summo
373 1913 517 2011 ingenio
534 1927 572 1986 et
589 1913 784 2009 acumine,
815 1913 877 2014 qui
892 1909 1071 1986 refelleret
1085 1909 1243 1986 istorum

112 2032 365 2130 orationem,
390 2047 427 2106 et
450 2033 627 2107 iustitiam
646 2087 659 2129 ,
688 2058 781 2134 quae
805 2031 1086 2107 fundamentum
1109 2027 1241 2104 stabile

114 2177 199 2230 non
226 2153 412 2252 habebat,
439 2170 643 2252 euerteret3
671 2183 747 2232 non
767 2156 849 2258 quia
866 2150 1148 2258 uituperandam
1166 2177 1243 2227 esse

112 2277 302 2361 iustitiam
319 2279 521 2374 sentiebat,
558 2279 623 2352 sed
642 2293 683 2352 ut
701 2279 784 2353 illos
802 2279 1007 2354 defensores
1022 2279 1098 2351 eius
1114 2291 1242 2352 osten-

112 2402 228 2478 deret
245 2389 337 2476 nilril
354 2405 443 2479 certi
460 2457 472 2497 ‚
490 2399 583 2476 nilril
600 2403 697 2477 firmi
716 2401 762 2478 de
778 2401 914 2488 iustitia
931 2400 1141 2504 disputare.
1158 2401 1241 2480 La-

113 2527 296 2600 ctantr‘us
313 2530 465 2624 epitom.
486 2550 570 2626 cop.
586 2551 640 2602 rr
660 2531 735 2598 (¹).
832 2539 834 2542 ’
1198 2607 1205 2635 1

195 2641 344 2718 Iustitia
371 2641 469 2722 foras
487 2660 631 2744 spectat
654 2649 731 2742 (0)·‚'
757 2661 795 2722 et
809 2639 977 2749 proiecto
1004 2661 1084 2723 tota
1100 2655 1155 2722 cst
1179 2657 1238 2721 at-

110 2750 195 2868 quc*
219 2763 357 2840 eminet
370 2759 443 2838 (d).
471 2763 626 2842 Nonius
647 2793 735 2844 uoc-
748 2775 993 2872 proiectum.

123 3022 125 3028 y
157 2957 207 3028 (a)
231 2951 278 3012 lta
295 2951 420 3030 atquin,
433 2963 466 3008 ut
483 2945 597 3009 Horatii
619 2947 734 3010 codices
753 2947 835 3031 epist.
849 2954 871 3012 l.
891 2975 917 3034 7.
929 2971 958 3014 a.
977 2957 1059 3032 apud
1080 2946 1118 3012 cl.
1131 2955 1238 3012 Feam.
1350 2997 1353 3004 .

114 3029 263 3094 Ceterum
280 3025 310 3087 in
335 3027 438 3090 codice
457 3029 495 3089 (le
513 3049 576 3109 rep.
594 3025 684 3090 scribi
710 3028 786 3092 solet
808 3033 926 3112 adqui.
971 3039 1016 3108 (b)
1042 3041 1163 3092 Frustra
1182 3037 1240 3092 nli-⁸

112 3131 190 3191 quot
212 3111 309 3173 critici
335 3114 449 3171 malunt
472 3111 541 3172 heic
557 3117 753 3187 infimorum.
782 3117 886 3173 Nonne
913 3113 990 3170 enirn
1008 3115 1178 3172 Lactsntius
1195 3117 1240 3173 sic

114 3195 259 3276 loquitur
285 3193 373 3254 etiarn
405 3196 443 3254 de
469 3197 540 3272 opis.
566 3195 602 3256 D.
632 3215 694 3274 cap.
723 3198 767 3256 lll
793 3197 879 3278 homo
904 3200 992 3274 inops
1017 3210 1047 3255 et
1072 3199 1243 3270 infirmus?

159 3285 206 3356 (c)
231 3277 318 3339 Nonii
355 3291 415 3336 tres
439 3276 581 3336 editiones
611 3290 771 3358 expectat,
799 3279 879 3357 quod
907 3280 1046 3338 mendum
1082 3277 1241 3357 corrigitur

115 3379 211 3424 manu
236 3360 294 3420 uiri
318 3360 448 3434 doctiin
471 3381 535 3420 meo
564 3361 751 3460 plantiniano
771 3350 957 3442 exemplari.
1002 3355 1049 3438 (cl)
1072 3357 1129 3420 llic
1148 3375 1176 3421 et
1194 3380 1243 3420 se-

116 3465 213 3524 quens
229 3444 313 3504 locus
329 3443 436 3504 citatur
453 3442 483 3503 in
502 3437 588 3504 Nomi
608 3437 788 3506 editionibus
803 3466 819 3504 e
837 3439 967 3505 seeundo
980 3440 1018 3505 de
1034 3465 1096 3524 rep.
1108 3447 1241 3504 Verum-

114 3533 218 3589 lamen
235 3523 274 3584 ad
291 3522 370 3589 hunc
396 3528 477 3606 quod
495 3527 629 3600 adtinet,
651 3523 733 3589 nulle
757 3539 801 3588 est
818 3525 1022 3589 uaticanorum
1039 3528 1128 3588 Nonii
1152 3529 1240 3590 codi-

117 3633 187 3674 cum
206 3612 385 3680 auctoritas,
408 3605 476 3689 qnia
493 3606 564 3671 isin
582 3613 716 3674 omnibus
734 3612 942 3674 desideretur.
966 3611 1120 3674 Pertinere
1140 3626 1238 3674 autern

115 3713 177 3755 non
193 3695 234 3754 ad
255 3695 417 3754 secundum
435 3695 487 3754 s'ed
505 3696 544 3754 ad
561 3698 681 3756 tertium
699 3696 737 3756 de
756 3716 819 3776 rep.
831 3697 960 3768 librum,
988 3709 1104 3762 constat
1118 3699 1239 3758 omnino

118 3801 134 3840 e
152 3777 357 3862 suprascripto
382 3777 529 3840 Lactantii
547 3773 714 3858 fragmento
733 3779 765 3836 in
782 3799 840 3857 quo
857 3777 938 3840 idern
956 3778 1234 3860 comprehenditur.

164 3948 221 4043 (r)
246 3947 365 4037 Neque
398 3945 558 4017 Tullium
588 3972 654 4014 ne·-
699 3948 948 4028 Laetanti0‚et
967 3949 1238 4036 quidemcopio·

50 4105 58 4131 ,
118 4062 186 4131 qne
223 4061 307 4128 opus
338 4037 381 4105 de
407 4063 478 4128 rep.
508 4037 654 4128 appellat
702 4041 770 4106 sins
801 4063 941 4128 quamn
969 4037 1107 4119 Nonio,
1138 4040 1237 4107 cuins

118 4133 339 4211 Lactantius:
357 4131 415 4198 sed
428 4148 541 4196 tamen
559 4131 650 4212 duo,
699 4131 786 4200 duee
806 4133 1022 4200 auctoritates
1035 4132 1071 4196 in
1083 4129 1236 4198 Lactan-

119 4245 206 4313 qnos
219 4223 387 4310 subiungo
398 4267 409 4302 ‚
422 4244 463 4290 er
476 4220 587 4289 Nonio
598 4220 653 4289 lo-
700 4225 740 4289 tii
753 4223 902 4291 oratione
916 4222 1134 4290 continentur
1145 4271 1153 4288 .
1164 4223 1238 4292 lom

84 4326 85 4330 ’
119 4318 154 4380 ci
184 4315 360 4379 euidenter
377 4335 432 4380 me
463 4313 653 4382 admonue-
699 4315 813 4403 ipsum
831 4315 1048 4384 Lactantium
1064 4335 1133 4380 non
1152 4337 1239 4384 ese·

16 4459 17 4468 ,
119 4401 462 4483 runtTulliunrheic
481 4405 655 4482 ruentia
701 4406 815 4510 cundo
839 4407 907 4508 sed¹
924 4431 942 4482 e
961 4405 1062 4481 tertio
1091 4407 1136 4480 ¹de
1163 4429 1237 4503 rep.
1269 4418 1285 4436 ⁸
