3276 5660
424 501 515 608 nil
758 523 821 584 nn
854 523 916 586 nn
952 519 1181 589 evntrei

378 727 379 730 a
422 673 518 728 eum
544 635 598 725 de
621 635 715 722 uiro
746 634 862 720 hono
887 639 1139 754 quaeritur,
1173 662 1301 752 quem
1331 645 1520 746 apertum

422 807 462 873 et
478 783 713 896 simplicem
729 781 929 865 uolumus
948 803 1112 883 essem,
1129 786 1157 832 ‘⁶
1174 808 1262 862 non
1279 778 1436 862 suntin
1453 775 1521 861 ‹li-

421 969 466 1017 „
483 909 689 1026 sputando
710 933 755 998 (a)
772 885 878 991 r'rafri
903 923 979 1010 (t),
1012 933 1099 990 non
1117 923 1399 1006 ueteratoris,
1431 933 1520 986 non

261 1100 263 1108 v
331 1119 339 1137 .
378 1121 386 1137 .
419 1113 448 1161 „
480 1053 675 1138 malitiosi
686 1105 743 1154 „.
768 1049 935 1166 Negant
959 1050 1101 1153 enim,
1125 1045 1355 1161 sapientem
1379 1041 1520 1152 idicir-

204 2075 387 2136 Desideran-

194 2179 244 2224 tur
257 2161 384 2242 paginae

194 2268 289 2324 neque
316 2247 384 2322 plus

196 2343 264 2389 octo
291 2348 384 2405 neque

194 2413 290 2472 minus
309 2431 385 2490 qua-

192 2507 275 2556 tuor.

418 1217 469 1276 to
486 1194 629 1276 uirum
652 1188 816 1274 bonum
841 1217 928 1272 esse
952 1185 1071 1302 quod
1090 1213 1187 1271 eum
1211 1213 1283 1271 sna
1307 1205 1458 1302 sponte
1473 1213 1520 1272 ac

416 1359 551 1442 perse
568 1328 734 1413 bonitas
751 1347 791 1412 et
809 1328 964 1410 iustitia
983 1326 1185 1432 delectet3
1211 1324 1286 1411 sed
1303 1323 1423 1442 quod
1441 1357 1527 1412 ua·-
1616 1404 1621 1425 ,

416 1491 664 1573 mamete,
689 1499 815 1572 cura,
841 1464 1151 1574 sollicitudine,
1181 1465 1401 1581 periculo,
1432 1471 1519 1552 trita

417 1605 632 1696 bonorum
650 1609 841 1694 uirorum
859 1606 913 1692 sit
930 1629 976 1696 (π)
994 1639 1005 1692 :
1030 1630 1175 1694 contra
1193 1629 1331 1694 nutem
1349 1607 1519 1723 impro-

416 1749 482 1836 bis
513 1783 676 1868 semper
708 1753 840 1869 aliqui
873 1781 1046 1864 scrupus
1079 1753 1124 1836 in
1149 1755 1301 1838 animis
1324 1725 1519 1858 haereat,

418 1923 579 2009 semper
603 1895 653 1978 iis
678 1913 771 1976 ante
795 1890 942 1977 oculos
966 1889 1123 1978 iusticia
1141 1913 1182 1978 et
1199 1893 1399 2010 supplicia
1414 1925 1521 1982 uer-

417 2057 596 2122 sentur.
637 2033 821 2123 Nullum
852 2053 992 2128 autem
1022 2033 1359 2122 emolumentum
1392 2067 1519 2146 esse,
1614 2122 1618 2131 .

416 2174 584 2262 nullum
616 2167 818 2258 iniustitia
854 2194 1021 2286 partum
1051 2177 1286 2288 praemium
1315 2198 1519 2286 tentum,

417 2351 580 2436 semper
603 2337 651 2402 ut
673 2317 820 2402 timeas
844 2375 859 2422 ,
890 2347 1055 2431 semper
1077 2335 1124 2400 ut
1148 2313 1321 2426 adesse,
1355 2347 1530 2438 semper

414 2483 463 2546 nt
479 2455 719 2573 impendere
737 2457 921 2574 aliquam
934 2483 1113 2572 poenam
1130 2455 1522 2576 putes,damnall...

448 2644 495 2710 (a)
518 2633 592 2694 cod.
610 2631 800 2690 disserendo,
819 2629 931 2706 Scripsi
951 2642 1049 2688 tamen
1066 2630 1251 2710 disputando
1263 2644 1325 2692 tum
1341 2635 1409 2709 quia
1425 2632 1525 2711 paulo

414 2733 483 2779 ante
501 2729 544 2776 est
556 2711 750 2782 disserend03
763 2728 824 2772 tum
842 2713 936 2770 multo
946 2714 1039 2790 magis
1048 2714 1116 2789 quia
1130 2718 1251 2784 Nonius,
1258 2716 1307 2793 qui
1327 2719 1524 2796 uocuqfrnm

417 2801 579 2864 citathunc
594 2798 693 2856 locum
711 2799 794 2854 elil.
808 2797 845 2854 de
865 2803 939 2874 rep,
950 2795 1072 2874 legebat
1089 2798 1282 2879 disputando.
1319 2800 1364 2873 (b)
1388 2801 1435 2860 lta
1451 2797 1522 2862 cod.

402 2908 444 2976 x2.
465 2905 568 2953 manu3
588 2895 618 2940 at
640 2903 663 2938 ι.
676 2885 754 2944 uerr'.
877 2937 883 2944 ,

411 3000 499 3092 agris
530 3014 702 3086 tamquam
738 2993 943 3062 uermiculos
990 3012 1030 3060 ut
1041 2996 1088 3061 ait
1099 2995 1238 3066 Seruius
1250 2993 1389 3081 Emit
1414 2997 1450 3062 in
1463 3019 1523 3064 re·

412 3107 473 3157 aut
500 3089 619 3179 fungos
645 3111 714 3152 esse
745 3104 942 3178 generatos,
989 3088 1054 3154 bus
1071 3090 1173 3154 etiam
1202 3090 1296 3154 seriis
1316 3111 1446 3176 semper
1464 3091 1523 3155 in·
1617 3148 1621 3159 .

411 3180 517 3250 stulta
540 3181 724 3248 stoicorum
741 3189 773 3244 et
784 3180 943 3244 nomina·
988 3178 1142 3246 serebant
1155 3177 1377 3267 ‘uoluptatesr
1397 3181 1525 3268 quippe

413 3271 671 3342 timDemocriti
688 3269 779 3358 apud
799 3271 943 3336 Lactan·
976 3269 1523 3338 ,isriidcircouirtutemcolebrnr
1576 3319 1579 3323 -
1618 3290 1621 3319 ¹

413 3368 500 3434 tium
512 3362 867 3450 vinietpsententia
879 3377 938 3426 est.
988 3379 1027 3426 ut
1045 3361 1102 3428 uel
1123 3362 1333 3453 uoluptatem
1350 3387 1391 3430 ex
1414 3387 1523 3429 eaca-
1619 3446 1622 3459 Ι

457 3455 510 3548 (ι)
533 3455 653 3542 Ἄνδρα
665 3447 941 3530 intronuntien-
980 3471 1126 3542 sperent,
1145 3454 1203 3522 uel
1228 3471 1316 3522 certe
1345 3451 1522 3522 molestia-

409 3547 517 3627 ναῖον,
531 3562 570 3612 ut
580 3543 732 3632 loquitur
743 3539 840 3608 Plato
851 3544 936 3631 reip.
986 3567 1065 3610 rum
1083 3561 1197 3614 causas
1218 3549 1384 3614 niterent.
1406 3549 1520 3632 Quare

361 3673 371 3682 -
410 3639 456 3703 Il.
477 3661 509 3724 p.
532 3639 590 3706 361
611 3682 621 3714 ,
641 3635 781 3721 quicum
815 3634 937 3702 Cicero
985 3651 1018 3700 et
1032 3637 1152 3705 Cicero
1164 3639 1222 3705 fin.
1238 3643 1325 3706 ILnr
1345 3641 1386 3706 de
1399 3639 1518 3704 iisdem

370 3783 373 3793 .
410 3729 575 3794 consentit
593 3726 694 3791 etiam
712 3725 747 3788 in
765 3726 940 3812 sequenti·
986 3723 1128 3818 loquens
1141 3733 1250 3823 pingit
1262 3729 1471 3822 uoluptatem
1481 3730 1520 3795 in

409 3821 494 3886 bus.
511 3816 636 3888 Confer
654 3839 752 3904 super
770 3815 834 3881 hac
854 3817 940 3885 defi·
985 3817 1091 3901 solio,
1105 3825 1161 3888 cui
1180 3842 1310 3913 praesto
1324 3837 1432 3891 essent
1445 3821 1519 3886 uir-

408 3911 536 4004 nitione
555 3907 768 3976 Lactantium
786 3909 862 3972 inst.
884 3929 938 3976 V1.
987 3926 1096 3994 tutes,
1116 3932 1155 3978 ut
1172 3913 1375 3996 ancillulae,
1396 3914 1519 3981 dieen-

407 4013 467 4085 ῃ,
493 4003 566 4072 Cic.
588 4001 642 4068 ott.
654 4001 718 4066 111.
743 4001 793 4067 13.
814 3999 942 4086 Epicu·
987 4017 1035 4069 tes
1060 4027 1093 4071 se
1118 4009 1257 4094 quidem
1274 4011 1320 4075 sic
1339 4022 1433 4074 natas
1451 4028 1519 4072 esee

410 4119 485 4162 reos
497 4101 590 4164 uiros
601 4094 711 4161 bonor
722 4087 871 4180 appellat
881 4093 942 4161 Ci-
989 4112 1029 4159 ut
1048 4093 1100 4160 illi
1113 4097 1403 4180 seruirent,aliud
1416 4119 1520 4189 nego·
1629 4129 1630 4138 ¹

413 4209 492 4255 cero
510 4185 576 4278 leg.
599 4189 626 4252 Ι.
650 4211 681 4277 7.
990 4187 1028 4252 tii
1041 4187 1127 4254 nihil
1140 4187 1406 4282 haberentLege
1418 4190 1520 4254 etiam

458 4275 512 4372 (a)
538 4275 663 4346 Confer
682 4277 754 4344 cic.
767 4273 834 4367 legs
850 4275 876 4342 l.
888 4273 938 4359 14.
987 4274 1216 4370 Augustinum
1235 4284 1424 4361 C.D.vtno,
1436 4301 1519 4349 xlx.

412 4371 492 4436 Sine
505 4369 609 4436 dubio
628 4367 940 4437 nutemheicGice-
992 4395 1031 4450 r,
1051 4388 1254 4445 etse1·m.cn
1274 4374 1516 4441 deuerbisact.

414 4456 617 4551 reloquitur
634 4463 676 4531 de
690 4462 868 4554 epicureis,
882 4460 942 4552 qui
988 4479 1092 4554 apost.
1121 4461 1371 4558 Argumentum
1400 4464 1518 4553 cepio-a
