3276 5660
461 475 800 556 trenaro
1103 475 1189 579 '1'97

98 610 212 725 prius
228 603 417 719 ‚deinde
441 601 703 733 Auentinum
727 601 947 724 occupauit
962 630 1040 700 (1).
1065 597 1196 692 Arne

97 749 279 869 Lycurgi
311 750 481 871 quidem
512 750 733 866 disciplina
763 752 905 854 tenuit,
923 747 1019 866 illos
1044 753 1089 835 in
1111 749 1199 834 ho-

95 892 283 981 minibus
307 898 462 1012 graecis
495 894 635 982 frenos
662 920 746 988 (ηε
780 924 878 980 nam
910 895 1037 980 etiam
1067 897 1199 1007 Spar·-
1258 942 1261 950 ,

96 1059 188 1142 tae,
212 1059 410 1153 regnante
434 1037 716 1151 Theopompo
737 1053 784 1125 (3)
801 1095 814 1142 ,
833 1055 930 1122 sunt
946 1038 1045 1124 item
1070 1035 1202 1154 quin-

96 1209 179 1298 que
204 1207 313 1293 quos
337 1175 399 1260 illi
423 1177 602 1291 ephoros
626 1176 866 1292 appellant3
900 1181 945 1262 in
971 1179 1097 1266 Creta
1121 1202 1204 1264 au-¹⁴

95 1314 186 1406 tern
211 1317 357 1404 decem
381 1322 456 1436 qui
482 1349 651 1406 cosmoe
685 1342 889 1407 uocantur
914 1345 990 1428 (ως
1024 1341 1072 1406 ut
1096 1327 1205 1408 co'n·

95 1481 158 1546 tra
191 1458 411 1545 consulare
447 1461 672 1572 imperium
703 1455 867 1544 tribuni
911 1457 1010 1575 pt,
1051 1461 1108 1546 sic
1141 1456 1208 1545 illi

100 1621 246 1690 contra
268 1603 360 1684 uim
378 1601 393 1716 Η
411 1603 600 1724 regiam,
625 1603 934 1691 constitutio).
957 1647 960 1656 ·
1083 1689 1084 1694 r
1236 1629 1269 1694 r.
1293 1647 1360 1708 ιρι.

158 1741 393 1830 XXXIIII.
418 1741 572 1827 Fuerat
589 1741 763 1828 sortasse
781 1740 923 1860 aliqua
940 1744 1044 1828 ratio
1061 1741 1206 1828 maio-

96 1883 217 1972 ribus
233 1881 386 1970 nostris
404 1883 450 1968 in
467 1883 543 1968 illo
559 1915 655 1968 aere
664 1880 804 1966 alieno
821 1881 1023 1969 medendi
1034 1901 1207 2000 (atquae

96 2057 238 2147 neque
278 2023 481 2112 Solonem
506 2024 790 2112 atheniensem
815 2056 903 2112 non
927 2025 1067 2144 longis
1090 2043 1207 2111 tem-

141 2189 189 2255 (a)
214 2181 411 2240 Cod.r.snann
420 2193 688 2244 rosmoertorarrtser
697 2195 730 2240 nt
738 2193 841 2242 eontra
849 2185 1035 2244 considerem
1045 2189 1210 2244 constituti.

97 2265 279 2327 Intermedia
289 2285 360 2323 uero
371 2263 473 2324 addita
483 2278 551 2324 sunt
563 2264 728 2344 posteriore
737 2283 835 2336 manu,
844 2286 981 2344 quaenos
992 2287 1079 2344 aegre
1092 2267 1215 2343 quidem

98 2351 152 2408 sed
171 2361 270 2408 tamen
287 2349 447 2408 certissime
464 2349 610 2428 legimns.
634 2353 696 2408 tam
713 2348 796 2427 quod
809 2371 832 2406 r.
845 2370 946 2408 manus
965 2350 1126 2428 scripserat
1137 2365 1216 2411 eors-

27 2471 33 2476 -
98 2441 231 2496 srrlarem
242 2478 250 2503 ‚
260 2455 292 2492 en
302 2433 423 2507 uidetur
435 2435 587 2511 corruptio
597 2451 652 2510 pro
667 2429 853 2492 consisterem
863 2439 941 2492 m'm.
965 2432 1032 2494 Vr'm
1045 2445 1142 2490 antem
1152 2453 1215 2491 ma*
1278 2436 1281 2446 '

99 2517 146 2593 gis
162 2537 259 2594 prope
272 2516 473 2594 heieprobem
487 2537 573 2594 quam
585 2523 758 2594 imperarem:
778 2515 823 2572 illi
838 2516 916 2574 enim
930 2515 1034 2574 iustius
1049 2535 1135 2594 quam
1145 2513 1218 2576 huic

101 2600 282 2657 resistimus.
309 2601 354 2670 (b)
377 2603 517 2658 Notemns
536 2600 679 2677 syntaxim
696 2599 806 2658 medat
822 2605 855 2658 r‘n
870 2620 905 2658 re
920 2597 1027 2679 aliqua
1034 2627 1043 2672 ;
1054 2598 1110 2657 nisi
1122 2599 1217 2659 melu·

100 2697 164 2744 mus
177 2683 278 2742 dicere
292 2689 325 2744 r'n
341 2686 398 2742 illo
415 2704 482 2744 aere
497 2687 596 2743 alieno
612 2683 752 2744 medendo
771 2695 873 2742 eontra
892 2683 1002 2745 codicis
1020 2683 1216 2744 euidentiamt

99 2817 158 2906 qui
187 2811 293 2882 bodie
312 2837 411 2883 mons
441 2837 542 2882 sacer
563 2839 634 2904 ap·
680 2838 766 2882 nore
785 2811 1056 2905 oppressaplebs
1064 2826 1218 2878 montem

95 2905 267 2997 pellatur.
682 2929 817 2972 sacrum
825 2921 926 2994 atque
936 2901 1151 2972 Auentinum
1159 2905 1218 2971 ἰη-

105 3045 114 3058 ·
146 2995 200 3089 (t)
226 3000 369 3068 Sacrum
398 2997 632 3064 tantummodo
678 2995 792 3062 sedit.
820 2997 942 3062 Cicero
966 3016 1028 3082 pro
1049 2995 1155 3062 Corn.
1168 2994 1218 3060 si-

97 3103 251 3158 montem
270 3104 458 3154 memorent
481 3105 634 3174 occupa-
678 3087 715 3151 bi
739 3105 926 3152 consonans
958 3083 1000 3148 de
1029 3085 1069 3150 iia
1088 3085 1148 3170 qui
1178 3086 1218 3148 in

99 3194 175 3246 tum
206 3178 389 3268 Dionysius
415 3197 469 3242 vt.
490 3177 546 3261 453
572 3175 637 3240 Li-
682 3191 833 3241 montem
851 3191 984 3237 sacrum
1014 3187 1218 3238 secesserant

100 3271 178 3336 uiua
193 3272 239 3336 ΙΙ.
254 3271 309 3344 32:
322 3267 470 3335 Ouidius
482 3266 556 3334 sest.
570 3267 635 3333 111.
684 3267 755 3332 ait:
780 3261 929 3330 Romam
948 3267 1078 3330 armati
1094 3285 1218 3330 reuer-

101 3359 182 3447 6643
192 3359 317 3430 Florus
331 3360 418 3432 Led:
433 3359 574 3426 Orosius
586 3360 631 3426 II.
681 3372 819 3435 terunt,
843 3358 880 3422 in
898 3349 1077 3424 Auentino
1096 3377 1220 3423 conae-

102 3458 133 3522 5.
155 3455 333 3524 Sedenim
362 3451 482 3518 Liuius
502 3473 636 3518 causam
681 3450 833 3522 derunt.

85 3549 208 3636 'aperit
223 3571 285 3614 our
294 3547 416 3616 Cicero
426 3541 638 3612 Auentinum
732 3537 786 3635 (a)
807 3539 953 3608 Locutio
971 3537 1141 3629 platonior
1156 3552 1220 3620 ,ut

102 3661 239 3728 quoque
263 3640 379 3704 dicat:
403 3662 447 3704 ea
456 3641 638 3730 frequen·
686 3633 844 3703 obseruat
862 3617 1128 3700 Plutarchus}
1146 3631 1222 3723 Ly·
1289 3719 1290 3722 Ἴ

102 3736 275 3821 tiorsama
288 3747 340 3798 est
353 3725 421 3814 (de
433 3753 527 3796 sacro
541 3752 640 3796 mon·
662 3725 670 3742 '
687 3750 793 3884 carpo
807 3749 878 3814 cap.
895 3744 965 3794 vn.

103 3819 161 3914 te)
180 3849 286 3918 quam
306 3827 400 3890 euius
415 3820 500 3889 Piso
519 3839 640 3890 auctor
734 3815 748 3910 (
772 3815 787 3906 )
807 3816 907 3884 Anno
920 3819 1057 3886 circiter
1074 3815 1220 3884 centesi-

101 3924 227 3995 'est‚in
247 3915 464 3984 Auentinum
474 3918 642 3982 secessio·
688 3931 744 3976 mo
763 3923 797 3974 et
809 3909 981 3998 trigesimo
999 3923 1075 3996 post
1087 3908 1224 3996 Lycur-

103 4033 180 4078 nem
185 4007 332 4099 factam
346 4031 442 4074 esse.
464 4006 533 4073 Sed
546 4027 643 4095 aper·
690 4023 794 4094 gum,
826 4013 866 4062 ut
890 3999 990 4064 docet
1015 3993 1225 4064 ¹Plutarchus

105 4102 169 4166 tius
179 4124 263 4168 curn
277 4099 442 4170 Cicerone
454 4097 556 4164 sentit
567 4091 643 4164 sal·
689 4092 860 4184 praedicto
872 4087 950 4156 loco
960 4113 971 4166 ς
980 4109 1100 4178 nempe
1112 4086 1226 4179 olym-

103 4187 226 4260 lustius
236 4191 459 4258 historiarum
471 4186 560 4258 libro
570 4189 644 4277 pri-r
689 4186 789 4276 piade
802 4183 922 4275 quinta
935 4227 946 4263 ‚
973 4196 1013 4246 ut
1025 4179 1144 4247 scribit
1155 4179 1228 4246 Eu-

107 4303 164 4350 rno
176 4283 272 4374 apud
291 4281 523 4374 Augustinum
542 4283 581 4350 C.
596 4281 638 4346 D.
689 4277 819 4358 sebius,
832 4278 985 4367 adeoque
1004 4287 1082 4340 ante
1101 4273 1229 4343 Romae

107 4372 643 4466 11.1s.111.17,erapndser-
687 4367 836 4438 natales.
1008 4389 1010 4394 ’

109 4463 263 4540 mamad
281 4493 345 4540 aen
364 4463 641 4582 v1114479=soeu
687 4517 690 4522 ·
734 4457 788 4557 (4)
813 4465 864 4540 De
876 4455 1013 4556 ephoris
1025 4471 1127 4564 atque
1145 4477 1222 4546 tosa
