3246 5664
428 480 490 570 oo
771 463 836 560 'nn
861 467 929 560 ni
961 464 1192 564 nv'ittc's

429 613 634 724 audietis,
665 609 982 719 adulescentes,
1005 611 1138 698 solem
1161 611 1341 701 alterum
1363 643 1420 702 ne
1443 643 1548 701 me-

430 757 591 842 tueritis
607 785 620 840 ε
643 774 716 840 aut
731 754 846 840 enim
862 752 1006 840 nullus
1022 781 1109 840 esse
1124 773 1260 870 potest
1276 797 1289 864 ς
1313 777 1386 844 eut
1402 758 1460 843 sit
1474 787 1547 843 sc-
1612 739 1613 774 ¹

429 931 514 1008 ne,
536 923 585 990 ut
600 901 717 986 uisus
735 925 784 993 (ι)
802 917 894 1006 est,
917 893 1051 984 modo
1067 927 1122 985 nc
1137 899 1192 986 sit
1207 898 1411 990 molestus
1428 967 1444 1008 ,
1470 919 1548 985 cut

250 1070 254 1079 ·
287 1123 293 1138 .
431 1045 536 1132 scire
559 1047 730 1130 ismmm
753 1071 896 1132 rerum
919 1039 1027 1128 nihil
1053 1055 1133 1149 (ως
1165 1063 1238 1128 eut
1260 1041 1425 1128 etiamsi
1448 1071 1548 1128 me·

431 1188 543 1274 xime
566 1189 773 1298 sciemus,
805 1217 883 1276 nec
905 1183 1102 1276 meliores
1125 1181 1184 1270 ob
1208 1181 1547 1276 cumscientiam

273 1327 308 1390 Ρ·
326 1317 397 1388 ²¹⁵·
430 1357 508 1415 nec
530 1323 734 1416 beatiores
757 1359 844 1418 esse
860 1355 1113 1442 possumus:
1145 1327 1352 1440 sonantum
1374 1357 1480 1416 vero
1504 1346 1549 1412 et
1613 1361 1614 1450 j

356 1488 360 1502 ‘
431 1467 641 1584 populum
671 1489 720 1555 ut
748 1495 883 1554 unum
904 1463 1164 1575 habeamus,
1194 1489 1236 1553 et
1257 1461 1349 1552 fieri
1371 1487 1549 1584 potest,

411 1601 476 1696 'et
496 1607 798 1725 permolestum
830 1629 892 1693 est
914 1609 992 1694 nisi
1015 1601 1094 1715 Εἰς
1126 1629 1168 1693 et
1189 1635 1308 1694 secus
1341 1635 1431 1693 csse
1454 1607 1547 1694 sci·
1613 1619 1614 1686 t

434 1745 561 1837 mus:
592 1770 635 1836 et
658 1744 855 1836 uidemus
878 1749 959 1856 ,si
983 1745 1031 1834 id
1054 1749 1248 1837 effectum
1271 1749 1354 1859 sit,
1385 1769 1428 1836 ct
1449 1778 1546 1836 me-

437 1897 520 1990 lius
543 1925 622 1986 nos
641 1924 729 1983 esse
745 1893 935 1981 uicturos
952 1915 993 1980 ct
1013 1887 1205 1980 beatius.

500 2035 607 2124 XX.
638 2039 752 2122 Tum
770 2034 965 2141 Mucius,
1000 2033 1211 2156 quidesse
1227 2033 1353 2154 igitur
1370 2063 1548 2144 censes,

437 2181 591 2292 Laeli,
617 2180 864 2270 discendum
887 2177 1044 2288 nobis,
1075 2202 1124 2267 ut
1139 2181 1239 2268 istut
1254 2173 1421 2269 efficere
1438 2211 1552 2298 pos-

438 2327 571 2413 simus
595 2323 733 2440 ipsum
755 2321 877 2442 quod
891 2319 1117 2438 postulas?
1149 2345 1186 2402 c
1214 2319 1299 2407 Eas
1323 2323 1419 2410 artis
1436 2353 1551 2444 quae

440 2457 623 2552 efficiant
660 2485 710 2550 nt
748 2465 845 2552 usui
876 2464 1034 2552 ciuitati
1064 2463 1225 2550 simus:
1258 2459 1305 2582 id
1335 2463 1452 2550 enim
1483 2495 1553 2552 es-
1614 2509 1615 2592 s

441 2631 485 2690 se
523 2602 903 2720 praeclarissimum
943 2605 1163 2719 sapientiae
1210 2632 1365 2690 munus
1412 2607 1555 2692 maxi-
1614 2593 1615 2652 ¹

155 2785 157 2790 ·
282 2779 319 2846 n.
337 2779 411 2845 ns.
443 2775 648 2867 mumque
678 2747 845 2834 uirtutis
868 2751 874 2864 i
896 2747 969 2832 uel
1009 2745 1310 2835 documentum
1340 2747 1413 2836 uel
1444 2741 1555 2836 offi-

354 722 362 766 i

440 3025 515 3116 bis
533 3027 588 3118 ad
609 3028 855 3116 utilissimos
878 3029 940 3114 rei
965 3025 1157 3144 publicae
1180 3058 1392 3118 sermones
1415 3036 1553 3148 potis-

443 2891 559 2979 cium
582 2907 686 3004 puto
701 2913 763 2984 (ι).
794 2887 937 2998 Quam
953 2886 1012 2974 ob
1035 2919 1124 2974 rem
1145 2909 1194 2974 ut
1216 2887 1292 2976 hac
1309 2889 1435 2977 feriae
1460 2921 1552 2977 no-

443 3174 600 3262 simum
616 3167 914 3280 conferantur,
938 3171 1177 3287 Scipionem
1194 3198 1391 3289 rogemus
1407 3192 1458 3258 ut
1474 3204 1554 3261 ex-

484 3355 533 3450 (o)
549 3377 597 3435 ite
612 3371 915 3434 emendatus-omenti
925 3375 1028 3446 codex,
1046 3393 1112 3436 cum
1124 3387 1228 3436 nasset
1243 3383 1278 3436 ut
1293 3379 1378 3435 sius.
1398 3377 1445 3449 (ὀ)
1463 3377 1554 3436 Nem·

441 3481 483 3543 pe
495 3477 673 3530 possumus,
696 3457 777 3531 quod
794 3458 919 3518 uerbum
934 3457 1027 3540 paulo
1043 3470 1112 3539 post
1126 3461 1279 3541 nequitum
1292 3458 1351 3519 nin'
1367 3459 1462 3520 ωιιὶι
1483 3461 1553 3522 mb-

443 3539 616 3620 intslligere
634 3544 775 3600 intense.

444 3719 739 3790 commouens
756 3733 867 3788 esset.
889 3716 982 3804 Quin
1022 3715 1213 3788 eruditione
1270 3717 1554 3788 commentorium

445 3787 548 3881 itiam
561 3811 701 3877 Tacitus
719 3807 981 3900 ennnl.1.9.sit‚
1023 3809 1189 3878 ineditum
1206 3813 1392 3880 eucticcno
1402 3804 1554 3903 palimp-

444 3927 517 3974 που
535 3901 635 3972 atiud
651 3902 822 3970 interdum
842 3903 982 3972 discos*-
1022 3915 1107 3968 sesto
1126 3905 1267 3970 daturus
1286 3927 1379 3970 sum.
1402 3903 1456 3970 Ibi
1474 3927 1554 3970 senc

444 3995 707 4090 dantispom'ae
718 3993 907 4064 remedium
925 4021 983 4063 es·
1023 3989 1123 4152 Scap.
1138 3990 1203 4086 x.)
1222 3994 1385 4103 intes-ores
1396 3994 1554 4062 obterunt

446 4087 983 4286 <mum
1023 4087 1556 4264 unt„

445 4267 608 4340 bilusimc
636 4283 757 4338 ‘uncmt
792 4269 912 4339 Cicero
946 4269 982 4335 in
1024 4267 1066 4332 ab
1089 4270 1229 4359 Epicuri
1245 4271 1467 4338 auctoriute.
1487 4269 1556 4336 Re·

447 4361 599 4430 oratione
630 4383 693 4450 pro
719 4360 855 4443 Sextio,
885 4361 983 4428 cuius
1024 4355 1099 4432 cole
1116 4362 1271 4456 superius
1288 4383 1428 4458 μμ.
1444 4383 1476 4432 1.

449 4447 668 4552 luculentum*
681 4469 716 4524 ct
726 4449 869 4552 plenum
883 4454 981 4528 uuo
