3314 5658
1112 459 1246 530 ’ΠΗ

122 563 272 644 tulliane
282 595 293 656 s
312 571 473 668 qnodque
490 572 595 668 ntegis
613 569 774 656 interest,
792 567 982 664 praefertur
999 565 1135 644 Platoni
1147 577 1244 647 Cice·

121 703 164 750 ro
179 731 189 748 .
204 683 331 750 Merito
350 683 452 778 igitur
469 680 732 750 litteratissimus
750 679 885 774 gellus,
905 695 940 747 et
957 681 999 748 de
1017 705 1087 774 rep.
1101 685 1249 753 Cicero-

8 791 16 805 '
125 791 180 857 nis
204 793 331 882 optime
350 793 515 874 meritus,
543 790 735 858 bernardus
754 786 858 880 preci.
880 810 957 857 nov.
972 791 1124 879 ed.p.x1
1144 791 1253 882 suspi-

128 915 223 966 cstus
234 917 309 983 est,
340 921 501 993 graecum
519 896 622 966 illum
634 897 750 966 Photii
767 919 977 990 anonymum
989 897 1035 964 od
1053 897 1252 966 imitandam

126 1005 302 1076 Ciceronis
320 1007 475 1100 politiam
500 1008 651 1076 studium
675 1029 775 1072 suum
793 1002 1001 1072 contulisse:
1025 1025 1118 1070 nnnc
1136 1019 1252 1080 eutem

8 1182 13 1199 ,
128 1119 307 1186 commode
330 1117 479 1200 eccidit,
503 1133 543 1184 ut
566 1115 728 1207 reliquias
746 1117 925 1206 utriusque
945 1115 1056 1204 operis
1075 1115 1252 1182 vaticano-

6 1256 12 1297 :
128 1247 207 1292 rum
226 1227 386 1294 codicum
402 1224 568 1294 beneficio
597 1223 737 1318 vulgare
756 1223 878 1292 licent.

172 1331 236 1401 Vl.
263 1335 345 1401 Post
363 1333 557 1417 Isidorum,
577 1335 613 1403 id
631 1349 680 1402 ost
698 1349 772 1424 post
791 1331 965 1400 christiani
981 1333 1054 1400 sevi
1071 1329 1245 1402 succulum
1297 1377 1402 1443 om
1413 1395 1473 1432 me-

128 1441 332 1530 septimum,
351 1441 446 1512 hand
464 1443 533 1511 scio
551 1467 595 1510 cn
614 1445 794 1534 quisquam
813 1439 998 1509 tullianum
1017 1443 1059 1510 de
1077 1467 1149 1534 rep.
1163 1467 1247 1533 opus
1279 1455 1434 1507 moraverint
1459 1469 1474 1500 ι

8 1552 15 1563 “
127 1566 369 1617 commemoret
388 1566 465 1617 ante
485 1550 692 1619 Gerbertum
710 1549 865 1644 gallum,
886 1551 947 1642 qni
967 1548 1102 1618 saeculo
1116 1551 1248 1619 decimo
1281 1541 1344 1649 ξιξ·
1367 1537 1410 1578 '¹¹
1440 1521 1474 1574 'd

8 1722 12 1747 ἰ
128 1680 149 1726 e
165 1661 336 1730 monacho
354 1661 545 1732 floriacensi
562 1663 664 1732 abbas
682 1663 874 1744 bobiensis,
895 1663 1017 1731 deinde
1038 1661 1250 1733 Rhemorum

127 1781 202 1833 tnm
220 1771 400 1840 Ravennae
418 1770 715 1864 archiepiscopus,
733 1787 767 1838 et
786 1772 932 1860 denique
951 1793 1111 1838 romanus
1129 1771 1247 1862 ponti·

127 1876 182 1945 ier
199 1895 334 1947 orestus
352 1896 424 1948 est.
461 1881 495 1948 Is
519 1880 663 1972 epistula
683 1897 853 1950 nxxxvn
873 1879 1136 1948 Constantinum
1148 1878 1250 1946 sebe·

126 1991 288 2062 lasticum
305 1995 348 2064 ed
366 2020 401 2064 se
421 2017 595 2064 tccersens
610 2044 619 2080 ,
632 1998 918 2068 nitecomitentur
934 1997 1003 2062 iter
1020 2009 1112 2062 tuum
1130 1993 1250 2062 tullio-

125 2127 173 2174 Μ
197 2107 361 2196 opuscula
390 2121 427 2175 et
443 2104 490 2175 dc
508 2105 686 2200 republica
705 2121 741 2172 et
768 2109 807 2173 in
829 2103 997 2186 Verrem,
1025 2121 1060 2172 et
1078 2127 1165 2198 quae
1182 2127 1249 2195 pro

126 2208 334 2301 defiensione
346 2211 526 2282 multorom
536 2213 688 2305 plurimo
707 2235 875 2282 romanoe
888 2211 1108 2306 eloquentiae
1118 2235 1252 2304 parens

125 2325 352 2414 conscripsit.
368 2322 458 2414 Ergo
478 2319 538 2389 illo
553 2321 665 2389 adbuc
679 2335 829 2410 tempore
842 2317 975 2410 politici
993 2318 1076 2386 libri
1095 2343 1253 2410 superet-

125 2451 160 2495 se
180 2425 723 2522 credebantur,quand0quidem
744 2427 932 2498 Gerbertus
956 2431 1029 2496 sine
1053 2426 1126 2494 ulle
1145 2427 1253 2496 dubi-

126 2537 255 2604 tatione
267 2559 325 2604 eos
342 2538 386 2604 nd
403 2561 439 2606 se
452 2537 576 2606 deferri
588 2539 705 2607 iubet.
726 2539 879 2606 lsmvero
893 2539 1055 2628 quoniam
1078 2537 1184 2606 codex
1206 2537 1250 2605 de

126 2669 201 2736 rep.
220 2643 397 2711 vaticanus
415 2668 433 2714 e
451 2644 606 2714 bobiensi
630 2673 656 2719 s.
673 2643 877 2716 Columbini
896 2649 1059 2716 coenobio
1082 2651 1250 2728 Romam,

126 2769 167 2822 nt
185 2749 429 2822 mendicemus
443 2757 626 2836 ,advectus
644 2772 694 2824 est
708 2753 722 2850 (
734 2757 790 2823 eui
808 2757 972 2840 coenobio
986 2756 1133 2848 praefuit
1146 2759 1250 2825 abbas

131 2861 322 2934 Gerhertns
335 2880 369 2932 et
379 2862 486 2933 libros
497 2862 664 2954 plurimos
683 2865 835 2956 undique
854 2858 1118 2961 conquisivit(1l
1129 2863 1143 2960 )
1156 2865 1250 2934 houd

125 2973 253 3041 iniuria
268 2973 477 3042 credendum
492 2973 687 3054 videretur,
706 2971 800 3040 hunc
812 2974 923 3064 ipsum
935 2975 1088 3041 codicem
1104 2969 1251 3040 allatum

128 3103 200 3150 esse
213 3080 361 3148 Bobium
374 3082 417 3150 ed
428 3080 636 3152 Gerbertum
650 3105 669 3148 a
682 3082 903 3150 Constantino
915 3081 1048 3170 ubique
1062 3081 1252 3147 consecutis

127 3189 339 3288 temporibus
352 3189 453 3258 fuisse
465 3192 668 3278 rescriptum
684 3211 703 3285 e
721 3187 896 3255 monachis
909 3213 920 3262 ς
934 3203 968 3254 et
981 3182 1251 3281 deniqnemnlte
1330 3267 1334 3274 Ι

127 3309 205 3386 post
224 3293 360 3358 saecule
382 3296 526 3360 Romam
543 3303 578 3356 et
590 3293 626 3354 in
644 3287 834 3357 vaticanam
850 3285 1094 3356 bibliothecam
1108 3291 1252 3362 transle-

129 3419 228 3482 tum,
247 3423 268 3466 a
279 3421 333 3466 me
352 3397 499 3492 denique
516 3417 611 3464 ronne
624 3417 694 3462 esse
712 3391 842 3462 lectum
855 3445 863 3465 .
876 3395 1009 3466 Verum
1020 3399 1050 3466 ei
1069 3405 1249 3480 coniectu..
1314 3403 1315 3408 ’

126 3531 186 3578 roe
205 3507 277 3576 duo
289 3507 427 3574 menime
441 3505 575 3574 obstent
590 3553 598 3571 .
612 3503 727 3576 Primo
739 3504 829 3571 enim
842 3506 1027 3594 praedictas
1040 3505 1167 3580 litteras
1179 3535 1250 3581 „011

130 3616 233 3684 Bobii
252 3617 388 3710 scripsit
407 3613 594 3686 Gerbertus
608 3659 619 3696 ,
634 3612 693 3680 sed
705 3610 863 3696 Ithemis,
885 3636 964 3681 eum
976 3615 1023 3682 ibi
1041 3599 1125 3687 essct
1139 3617 1250 3692 Adol-

126 3724 250 3794 beroni
261 3725 517 3816 archiepiscopo
537 3721 580 3788 nb
598 3717 752 3810 epistulis
770 3743 858 3790 enno
872 3744 1152 3799 ncccotxxxvn
1167 3729 1222 3824 (2)
1236 3759 1248 3797 =

131 3831 247 3922 itaque
266 3832 314 3898 eit
332 3845 502 3921 expectere
521 3853 555 3898 se
574 3826 834 3896 Constantinum
852 3829 895 3894 ed
914 3849 996 3898 xvi.
1013 3831 1081 3900 kal.
1100 3851 1247 3924 septem-

133 3937 228 4022 bris,
248 3961 336 4031 qcae
354 3940 426 4006 dies
445 3936 619 4032 praefiniri
632 3949 765 4028 poteret
776 3935 923 4002 venienti
942 3937 984 4003 cle
997 3937 1186 4008 floriacensi
1204 3928 1255 4014 sol

130 4051 282 4144 Ligerim
295 4049 497 4120 monasterio
510 4044 658 4116 Rhemos
669 4070 681 4126 ς
694 4067 764 4115 non
776 4046 857 4112 item
875 4044 1047 4114 venientie
1060 4045 1246 4141 transalpi-

170 4260 220 4326 (t)
241 4250 335 4310 Gerb.
354 4267 401 4327 ep.
422 4267 515 4308 cxxx.
707 4244 837 4306 indicem
847 4243 1091 4330 chronologicum
1109 4257 1161 4310 tx.
1174 4267 1244 4332 pag.

170 4345 220 4411 (α)
244 4333 327 4394 Vide
344 4352 401 4390 rer.
420 4331 520 4408 gallic,
537 4341 568 4392 ct
583 4330 690 4418 irens-
710 4331 861 4414 &pn-393.
956 4335 959 4344 '
1248 4353 1251 4360 ’

128 4415 182 4482 eie
200 4416 389 4502 scriptores,
413 4414 664 4518 itemque'eotttot

858 4527 885 4594 fl
