3314 5658
213 631 594 752 ·M·TVLL1
651 633 1137 757 CICERONIS
1203 543 1219 596 ¹

343 925 442 1017 uu
492 923 585 1012 aa
642 905 987 1014 evemus

498 1233 749 1292 nisse
828 1209 862 1292 1.

176 1495 206 1580 Ι.
344 1513 489 1609 mpetu
513 1489 894 1596 liberauissentlu3
920 1482 996 1578 nec
1013 1493 1081 1580 ·G·
1097 1495 1218 1583 Due-

116 1637 191 1722 lius
215 1657 291 1740 (a),
330 1629 463 1720 Aulus
487 1629 673 1738 Atilius,
696 1633 766 1716 '‘L·
791 1649 845 1738 (b)¹
862 1631 1056 1722 Metellus
1080 1659 1214 1724 terro-

115 1805 154 1860 re
175 1773 445 1891 Karthaginis
469 1815 482 1883 3
514 1769 604 1858 'non
628 1769 716 1856 duo
741 1772 956 1888 Scipiones
981 1778 1120 1864 oriens
1142 1782 1217 1868 in-

146 2095 188 2161 (a)
210 2093 255 2149 lte
274 2087 345 2147 cod.
357 2107 414 2166 pro
431 2091 564 2148 Duilt'us.
577 2089 613 2145 Et
631 2085 750 2162 quidem
769 2087 807 2144 ad
824 2087 928 2147 Cicde
938 2105 1059 2151 sennis
1082 2091 1222 2154 obseruas

108 2169 223 2232 Ursinus
242 2185 379 2230 ueterem
396 2173 507 2233 libr-tun
525 2170 662 2230 habuisse
673 2173 827 2228 Duelt'um:
839 2184 997 2246 monetque
1014 2176 1054 2233 ite
1069 2181 1223 2257 scripsisse

106 2267 232 2314 ueteres.
258 2254 432 2315 Nonnullae
453 2277 524 2315 uero
550 2255 612 2313 eius
633 2251 691 2310 loci
714 2251 861 2312 editiones
889 2254 1029 2314 exhibent
1047 2263 1222 2332 Duellium,

104 2336 183 2396 sicuti
204 2340 318 2398 diserte
335 2339 447 2414 legitur
461 2342 684 2399 inoralorextv
697 2347 745 2404 ,et
762 2336 793 2394 in
811 2338 989 2396 undeet-de
1007 2341 1042 2397 N.
1056 2343 1092 2398 D.
1106 2345 1144 2400 ll.
1160 2347 1221 2415 66,

106 2431 132 2476 et
150 2441 206 2498 pro
225 2421 448 2494 Plancum,
471 2444 528 2501 quo
553 2423 620 2479 loco
636 2437 794 2497 perperam
812 2421 937 2478 Ursinus
955 2421 1085 2480 malebat
1107 2426 1224 2484 scribe·

104 2522 134 2558 re
151 2511 312 2565 Dru'lium-
340 2507 400 2564 Sed
417 2519 447 2564 et
467 2505 666 2581 Quintilianus
688 2501 756 2558 inst.
780 2505 850 2573 tl.
872 2527 898 2584 7.
918 2505 1022 2563 scribit
1039 2511 1223 2582 Duellium,

103 2585 228 2666 itemque
245 2587 361 2648 Plinius
376 2609 478 2650 xxxiv:
501 2589 530 2662 5,
547 2592 658 2648 Seneca
679 2585 717 2642 de
736 2587 819 2645 elem.
832 2591 854 2646 l.
880 2611 924 2647 ιο.
945 2587 1157 2667 inscriptiones
1180 2605 1232 2658 ltu,

102 2687 164 2727 rnen
186 2673 376 2750 gruterianae
398 2687 485 2750 etque
511 2674 570 2730 alia
595 2684 783 2729 monumenta
808 2671 936 2728 retinent
963 2677 1119 2737 Duilium.
1155 2677 1222 2738 Va-

103 2752 158 2812 riat
178 2754 252 2815 haec
273 2753 424 2832 scriptura
446 2757 527 2834 apud
544 2755 679 2815 Seruium
701 2757 739 2814 ad
757 2775 820 2812 aen.
837 2757 878 2814 xa.¹
899 2757 968 2814 206.
991 2758 1118 2818 Codices
1146 2779 1222 2836 pto-

103 2861 155 2917 que
187 2847 285 2924 graeci
319 2836 597 2913 habentAouilttt
625 2846 672 2903 uel
699 2834 870 2913 Aevlttbtoc
902 2847 984 2928 apud
1014 2851 1100 2910 Dion.
1128 2851 1219 2908 balic.

102 2923 164 2986 lrist.
182 2953 208 2988 x.
228 2929 278 2989 58.
298 2951 342 2987 xi·
363 2931 411 2989 23.
437 2931 484 2998 46.
520 2927 599 3003 Quin
621 2931 695 2986 adeo
719 2931 890 2988 Leonardus
909 2930 1038 2990 aretinus
1056 2934 1222 3012 scripturae

102 3007 176 3069 illius
194 3034 250 3091 per
269 3035 286 3072 e
306 3031 417 3069 mernor
434 3033 481 3088 cp.
493 3033 539 3069 var
554 3055 560 3066 .
575 3033 601 3090 7.
622 3013 956 3094 scribebatlDuellium.
981 3014 1026 3082 (b)
1049 3019 1222 3074 Praenomi-

101 3110 133 3150 na
150 3094 223 3156 baec
245 3097 277 3151 in
297 3093 401 3152 codice
417 3093 589 3151 scribuntur
610 3095 721 3168 partim
737 3094 821 3167 siglis
838 3095 949 3170 partim
967 3093 1135 3168 explicate.

141 3307 193 3402 (a)
220 3307 344 3378 Priore
379 3303 510 3393 periodi
541 3319 635 3393 parte
683 3301 812 3373 Brutus
836 3329 961 3373 arcens
997 3331 1075 3376 eum
1105 3309 1221 3383 reditu

101 3404 233 3470 uidetur
258 3400 384 3468 Cicero
414 3393 636 3486 appellauisse
681 3415 864 3486 tyrannum
879 3444 887 3477 ‚
902 3421 1001 3490 qrtem
1014 3405 1086 3494 ipse
1105 3427 1221 3498 expres

100 3488 350 3562 comanosalios
364 3491 424 3645 pui
443 3488 633 3576 superiori·
680 3489 795 3569 ierac,
820 3495 857 3554 in
872 3491 1010 3582 proelio
1044 3498 1219 3566 concidis·

99 3583 159 3650 bus
176 3581 278 3650 bellis
312 3583 367 3648 inc
383 3581 572 3652 aruissent;
600 3595 634 3643 ct
681 3599 837 3650 setsnon
855 3607 930 3649 cum
944 3583 1219 3659 Lau'nisdecor-

100 3677 234 3764 quidem
245 3673 342 3740 haud
356 3673 423 3739 seio
436 3695 480 3736 an
488 3672 534 3736 sic
547 3698 555 3733 :
569 3695 631 3738 nec
679 3691 758 3740 taus
789 3692 894 3765 pater
930 3675 1059 3768 Decius
1088 3725 1099 3758 ‚
1142 3707 1219 3751 cum

100 3765 240 3834 Italiam
262 3767 327 3832 ·M·
353 3762 521 3830 Camillus
538 3761 635 3830 Gal-
681 3766 838 3833 Etruscis
842 3766 966 3854 filius,
981 3793 1055 3858 cum
1075 3771 1215 3855 Pyrr-lto

99 3858 229 3939 lorum,
248 3881 317 3925 nec
335 3856 393 3922 Μ’
410 3854 556 3934 Curius,
572 3852 630 3918 ·C·
678 3881 805 3948 nepos,
817 3883 853 3923 sc
867 3857 1013 3925 bostium
1026 3859 1105 3927 telis
1118 3865 1217 3934 obie-

98 3953 300 4029 Fabricius‚
318 3949 373 4016 Ti.
394 3946 633 4013 Coruncanius
678 3953 828 4014 cissent:
846 3972 916 4015 non
935 3973 1002 4016 uno
1026 3951 1119 4019 bello
1147 3981 1215 4047 pro

99 4041 226 4131 Pyrrhi
236 4046 368 4134 impetu
376 4039 630 4106 libcrauc'ssent.
673 4044 794 4132 patria
830 4038 997 4108 cadentes
1032 4039 1094 4108 Sci
1116 4049 1217 4116 iones

99 4133 202 4200 Immo
234 4131 341 4222 paulo
360 4130 499 4196 fortasse
530 4126 632 4194 altius
679 4127 853 4224 Hispania
872 4129 1038 4212 uidisset,
1067 4070 1216 4208 litatem

100 4247 249 4292 romanos
279 4223 401 4292 heroas
437 4220 631 4296 recensuit;
678 4239 716 4288 et
737 4220 921 4292 Geminum
947 4221 1119 4307 Carinae,
1143 4231 1216 4300 Ve-

102 4317 193 4381 cuins
222 4316 273 4382 rei
298 4316 448 4381 indicem
466 4309 632 4378 babemus
679 4319 780 4381 nausia
820 4315 1050 4398 Marcellum,
1093 4319 1216 4390 Lau'ui

100 4405 208 4492 ipsum
225 4423 398 4474 auctorem
417 4419 502 4469 tuse.
522 4405 550 4468 1.
566 4402 630 4493 37:
678 4403 871 4488 Albinum,
917 4408 1053 4476 Lucani
1096 4407 1216 4482 Grac-

99 4501 130 4564 si
145 4519 233 4571 motu
250 4503 452 4600 timerem
483 4517 555 4567 nou
575 4493 628 4565 ’L'
678 4495 798 4568 edum.
817 4498 898 4566 Mox
928 4499 1056 4572 ibidem
1087 4505 1212 4578 Cicero

585 4621 587 4626 ’
838 4623 856 4682 l

1251 1386 1373 1446 Codicis

1249 1489 1279 1548 p.
1299 1473 1348 1530 65.

1249 1554 1429 1612 Desideran-

1247 1647 1297 1692 tur
1334 1635 1441 1694 hacte-

1247 1738 1300 1775 nus
1314 1721 1440 1796 paginas

1249 1821 1383 1862 matu.
