3314 5658
431 505 454 562 a
764 499 826 558 nn
860 499 920 558 RE
956 499 1185 564 evantes

428 611 626 704 cendium
651 610 752 700 belli
776 635 820 702 (a)
844 613 990 728 punici
1020 613 1196 702 secund-i
1226 620 1423 736 sanguine
1452 649 1515 704 suo
1624 645 1625 649 ‘

429 761 747 865 restinxissent3
788 789 866 843 nec
896 757 942 841 id
965 760 1187 843 excitatum
1212 761 1435 848 maioribus
1457 793 1518 848 co-

427 902 509 1016 piis
541 920 612 985 aut
641 897 827 1008 Quintus
859 897 1066 983 Maximus
1105 904 1426 1008 eneruauisset‚
1462 923 1523 986 aut

427 1045 504 1132 ‘M‘
530 1039 751 1129 Marcellus
776 1036 1070 1140 contudisset,
1103 1058 1174 1121 aut
1204 1069 1226 1121 a
1259 1043 1391 1152 portis
1414 1040 1523 1123 huius

428 1180 544 1270 urbis
568 1179 762 1266 auolsum
786 1186 831 1265 (b)
850 1179 910 1264 ·P·
927 1171 1148 1264 Africanus
1173 1180 1440 1294 compulisset
1462 1184 1524 1264 in-

425 1347 488 1414 tra
520 1323 704 1408 hostium
738 1321 934 1412 moenia.
969 1319 1042 1402 ’Μ’
1069 1349 1172 1402 uero
1198 1318 1351 1406 Catoni
1377 1323 1525 1406 homini
1624 1357 1625 1365 ¹

289 1471 322 1528 Ρ·
342 1473 391 1542 st.
427 1468 572 1582 ignoto
599 1481 641 1546 et
664 1489 780 1544 nouo
806 1486 853 1552 (ι)
877 1487 965 1572 qno
990 1489 1166 1562 omnes,
1190 1459 1196 1571 Ι
1222 1463 1297 1578 qui
1323 1462 1455 1582 isdem
1492 1481 1526 1548 (r)

424 1607 548 1694 rebus
564 1599 783 1689 studemus
801 1661 815 1707 ‚
840 1603 959 1717 quasi
978 1601 1201 1716 exemplari
1217 1603 1273 1688 ad,
1288 1603 1527 1692 industriam

424 1751 709 1865 uirtutemque
729 1741 940 1828 ducimur
962 1759 1010 1827 (α)
1035 1759 1060 1849 ,“
1088 1764 1196 1830 certe
1228 1744 1348 1832 licuit
1373 1751 1531 1834 Tuscu-

465 2051 512 2118 <a)
533 2043 609 2101 Cod.
627 2061 644 2100 a
659 2039 731 2096 belli
740 2059 749 2106 ς
768 2035 821 2093 sed
839 2055 904 2094 mox
921 2034 1034 2102 ibidem
1052 2033 1150 2093 deleta
1168 2033 1322 2098 litterae.
1347 2040 1396 2112 (b)
1418 2041 1461 2098 lta
1477 2039 1532 2119 pri·

425 2147 473 2186 aon
495 2126 641 2203 scriptura
658 2141 713 2198 pro
729 2122 870 2178 aurtlsum
882 2161 887 2171 .
899 2119 949 2176 Sic
964 2121 1117 2177 conuolsis
1134 2117 1237 2178 Cicero
1254 2119 1286 2176 in
1295 2124 1383 2181 Verr.
1398 2145 1442 2183 ru.
1461 2123 1533 2203 apud

426 2209 549 2270 Paulum
568 2229 632 2266 uoc.
644 2201 1015 2282 repagula.lllemorabile
1034 2215 1077 2258 est
1091 2201 1266 2274 Quintiliani
1285 2203 1399 2265 dictum
1418 2206 1533 2286 inst.l.7:
1621 2236 1624 2262 t

331 2303 333 2310 ’
422 2295 499 2374 quid
513 2295 612 2352 dicam
630 2295 756 2349 uertices
776 2299 804 2344 et
821 2305 950 2354 uorsus,
968 2297 1120 2364 ceteraque
1128 2287 1169 2346 nd
1181 2289 1305 2348 errndem
1321 2291 1535 2370 modumquasi

420 2384 519 2455 primo
541 2381 643 2454 Scipio
660 2375 825 2452 Africanus
842 2375 876 2428 iu
891 2391 907 2427 e
925 2373 1055 2430 litteram
1079 2371 1237 2430 saumatam
1260 2378 1388 2432 uertisse
1410 2373 1535 2434 dicitur!

424 2460 509 2518 ldem
531 2455 733 2533 Quintilianus
755 2454 867 2512 ibidem
885 2465 985 2510 monet
1014 2458 1122 2512 Guium
1148 2454 1244 2512 notari
1262 2454 1364 2514 littera
1382 2464 1426 2527 03
1450 2457 1537 2516 idest

427 2543 517 2600 aliter
533 2542 640 2610 scribi,
658 2539 744 2594 aliter
762 2535 908 2594 enuntiari
923 2539 1026 2595 .Secus
1037 2550 1132 2593 antam
1151 2537 1239 2596 modo
1249 2539 1378 2598 uidimus
1395 2541 1426 2598 in
1443 2555 1537 2605 nostro

426 2625 529 2684 codice
547 2625 597 2684 ubi
615 2623 755 2683 scribitur
780 2627 816 2679 G.
830 2619 1005 2691 Quintiliani
1026 2620 1191 2678 doctrinam
1211 2622 1321 2700 repetit
1337 2613 1539 2682 Cassiodorius

425 2727 532 2766 comm.
544 2709 582 2766 de
593 2726 704 2782 oncap.
715 2707 738 2762 l.
762 2710 805 2777 (c)
827 2702 902 2760 Cod.
921 2703 1017 2782 prima
1027 2723 1115 2760 mauu
1124 2705 1205 2763 adem
1219 2727 1274 2784 per
1291 2704 1469 2784 aphaeresin
1479 2734 1488 2776 ;
1499 2720 1539 2764 ta-

424 2810 492 2849 men
516 2792 645 2850 seeuntla
662 2791 772 2847 lactum
798 2787 910 2846 isdem.
935 2790 997 2846 lam
1016 2787 1053 2844 de
1071 2785 1218 2862 scripturn
1236 2792 1331 2848 isdem
1355 2791 1536 2866 praeclaram

422 2871 567 2934 habemus
584 2873 734 2933 Ciceronis
757 2871 848 2948 ipsius
872 2867 1037 2928 doctrinam
1060 2869 1091 2925 in
1107 2882 1224 2927 oratore
1236 2892 1340 2930 xtvrr:
1364 2875 1444 2931 idem
1465 2895 1539 2932 cam·

419 2961 615 3034 parabolam,
642 2963 742 3036 iuquit
763 2959 883 3012 Ennius
904 2980 912 3023 3
941 2968 969 3013 et
994 2961 1028 3012 iu
1053 2957 1170 3030 templis
1195 2953 1289 3012 isdem
1312 2957 1481 3032 probauit.
1502 2959 1539 3016 At

423 3046 533 3101 eisdem
541 3053 607 3101 erat
624 3046 806 3108 κατέπεμψε
823 3051 919 3094 tamen
934 3044 1080 3116 opimius.
1095 3041 1179 3095 Male
1198 3039 1324 3096 sonabat
1341 3041 1463 3097 iisdem.
1484 3043 1537 3096 Im·
1625 3109 1626 3118 ἵ

415 3139 570 3196 petrarum
586 3140 631 3185 est
647 3145 667 3182 a
684 3121 897 3183 cousttetrtdiue
914 3133 947 3179 ut
960 3139 1081 3200 peccare
1098 3125 1262 3180 strenuitatis
1278 3141 1370 3178 causa
1387 3125 1508 3182 liceret.

423 3379 664 3430 commemorat
676 3378 811 3449 quoque
825 3356 956 3426 Camil·
1005 3355 1073 3424 Adi
1092 3372 1126 3420 et
1137 3356 1316 3423 Horatium
1330 3360 1418 3426 out.
1428 3383 1438 3426 1
1449 3385 1481 3426 a.
1493 3362 1540 3426 De

423 3453 520 3520 lum.
536 3455 663 3518 Rursus
682 3449 883 3538 paradoxol
908 3447 959 3510 sa·
1005 3447 1069 3512 hac
1094 3447 1240 3533 denique
1266 3447 1389 3514 lacuna
1415 3452 1541 3518 uidesis

425 3569 500 3613 cem
518 3541 664 3631 praefert
688 3542 807 3608 Cicero
828 3539 873 3606 ad
888 3537 957 3602 hu·
1005 3561 1091 3626 quae
1124 3534 1207 3600 alibi
1225 3537 1400 3608 dicemus.

300 3685 309 3716 s
424 3637 477 3702 ius
501 3633 641 3700 lacunae
665 3629 809 3696 latebras
840 3629 959 3718 perui·
1053 3625 1106 3718 (r)
1139 3626 1228 3696 Caro
1276 3655 1404 3698 nomen
1448 3659 1542 3704 suram

425 3729 552 3794 dendas
598 3735 791 3792 enumerata
838 3743 952 3787 roma·
1005 3719 1143 3789 Tusculi
1177 3721 1361 3812 ignobile,
1403 3721 1540 3794 Rome

425 3842 550 3886 norum
590 3815 778 3882 illustrium
814 3814 897 3879 serie
935 3837 955 3876 a
1001 3812 1249 3882 nobilissimum
1267 3813 1454 3884 reddidit.
1477 3819 1543 3885 Va·

424 3913 532 3978 Bruto
562 3931 668 4000 usque
695 3907 738 3972 ad
755 3903 956 3972 Africanum
1002 3903 1107 3974 lerius
1127 3905 1186 3970 ·M·
1209 3907 1273 3970 llI.
1296 3903 1325 3988 4.
1344 3909 1377 3975 6.

423 4021 608 4092 utrumque
633 3999 731 4066 etad
757 3999 953 4067 Catonem:
1014 4061 1017 4068 ,
1049 3993 1101 4088 (2)
1128 3999 1178 4064 De
1206 4021 1239 4062 se
1263 4000 1461 4085 praesertim
1497 4001 1541 4064 ait

424 4093 569 4164 Brutum
605 4098 694 4186 siqui
721 4109 847 4182 roget,
871 4089 955 4180 quid
1003 4089 1152 4168 Cicero,
1174 4091 1231 4156 cui
1249 4087 1402 4156 Velleius
1422 4095 1470 4158 11.
1487 4090 1540 4175 34.

386 4223 389 4232 ·
424 4193 533 4279 egerit
550 4193 586 4254 in
600 4189 719 4278 patria
737 4181 954 4251 liberanda?
1003 4182 1232 4248 testimonium
1259 4180 1324 4248 hoc
1357 4183 1436 4248 dat:
1477 4184 1542 4251 Ci-

423 4300 488 4346 etc.
513 4281 656 4346 Eosdem
687 4276 805 4341 heroas
842 4275 955 4340 uerbis
1000 4278 1160 4364 σθω,ᾳαὶ
1188 4278 1306 4340 omnia
1324 4279 1542 4343 incrementa

423 4367 560 4437 sortasse
574 4368 723 4437 tullianis
733 4364 954 4437 celebratAu·
999 4390 1061 4430 aua
1080 4366 1148 4432 sibi
1163 4365 1283 4434 debuit
1296 4409 1306 4445 ‚
1319 4370 1374 4436 uir
1400 4372 1542 4440 nouita-

424 4466 577 4554 gusinus
599 4463 648 4536 de
671 4461 764 4532 uiuit.
782 4463 824 4533 D.
838 4460 881 4561 ll.
899 4463 950 4532 18.
998 4462 1043 4530 tis
1060 4457 1319 4532 nubilissimae.
