3314 5658
448 423 530 497 XVI

445 536 636 620 nescimus;
664 535 730 608 nisi
752 538 839 610 forte
856 540 891 610 id
907 538 987 610 fecit
1012 542 1237 629 Victorinus,
1261 551 1366 637 qnam
1387 571 1461 619 tem
1482 543 1547 616 sihi

448 665 552 742 prope
575 667 812 739 persuaserunt
834 648 876 718 A.
897 650 1055 720 Sobottus
1074 650 1128 742 (r)
1148 650 1248 742 'atque
1272 655 1444 722 Patricius¹
1463 651 1544 742 (ἡκ

449 776 591 849 uterque
612 761 729 826 'autem
751 761 873 826 nititur
890 761 1090 826 auctoritate
1109 761 1179 828 divi
1194 762 1396 855 Hieronymi
1415 763 1469 855 (3)
1489 765 1546 852 qui

449 867 706 934 commentarios
731 865 899 934 Victorini
922 877 1087 932 memorat
1110 866 1153 933 ad
1177 864 1327 958 dialogos
1352 869 1548 948 Ciceronis,

447 995 515 1064 quo
534 974 667 1040 nomine
686 969 724 1038 bi
742 970 823 1038 libri
842 959 956 1040 civiles
974 971 1213 1066 intelliguntur
1225 975 1269 1041 ob
1287 999 1407 1044 eorum
1423 977 1548 1067 praeci·

448 1101 553 1165 puam
564 1073 762 1170 dignitatem
776 1074 828 1170 (si)
841 1127 848 1143 .
863 1077 914 1144 Ne
928 1079 1068 1146 Graecis
1085 1079 1224 1167 quidem
1242 1079 1278 1146 id
1297 1100 1379 1168 opus
1398 1080 1547 1171 ignotum

448 1184 513 1250 snit
522 1211 533 1263 ς
543 1208 749 1275 quamquam
762 1185 799 1254 hi
812 1183 1017 1276 plerumque
1035 1186 1103 1252 suis
1122 1187 1281 1264 contenti,
1289 1201 1322 1252 et
1334 1183 1435 1266 elati,
1447 1184 1548 1258 latina

447 1293 572 1381 scripta
586 1291 684 1360 valde
696 1291 926 1386 negligerent.
947 1294 1032 1362 Sane
1045 1308 1079 1357 et
1090 1290 1236 1381 politicis
1257 1289 1353 1360 libris
1366 1291 1490 1360 Graeci
1508 1291 1551 1354 ita
1640 1343 1641 1394 3

450 1399 698 1480 abundarunt,
721 1415 761 1464 ut
780 1399 954 1466 Ciceronis
973 1413 1061 1487 o‘pus
1079 1398 1122 1464 ab
1141 1399 1181 1464 iis
1199 1395 1331 1464 consuli
1349 1419 1481 1464 necesse
1499 1397 1547 1463 vix
1640 1407 1641 1482 j

352 1559 372 1566 -
446 1506 569 1574 fuerite
582 1528 689 1596 quum
702 1522 819 1574 conus
833 1507 952 1574 Cicero
963 1507 1175 1576 Graecorum
1187 1505 1336 1574 sontibus
1348 1527 1424 1572 suos
1438 1527 1550 1572 omnes

445 1610 600 1680 hortulos
613 1612 802 1704 irrigaverit
816 1661 824 1677 .
845 1609 1015 1678 Adversus
1029 1615 1201 1682 Ciceronis
1213 1612 1367 1704 politiam
1380 1611 1547 1680 calamum

443 1716 577 1782 strinxit
600 1719 768 1809 Didymus
794 1715 1053 1800 chalcenterus,
1079 1717 1137 1786 ille
1162 1739 1323 1813 augusten
1349 1745 1428 1788 aevo
1449 1725 1550 1790 inuu-

443 1821 661 1892 merabilium
679 1826 883 1915 scriptorum
895 1848 1016 1914 parens
1028 1850 1039 1903 ς
1053 1847 1156 1914 quem
1169 1848 1245 1894 mox
1263 1828 1391 1894 retudit
1406 1827 1552 1916 petroci·

444 1933 508 1998 nio·
521 1948 657 2020 arrepto
675 1932 851 2000 Suetonius
871 1979 882 2013 ,
906 1947 946 1996 ut
969 1951 1029 1998 uos
1053 1929 1252 2000 Ammianus
1276 1933 1465 2022 Suidasque
1491 1936 1552 2000 do·
1640 1923 1641 2012 i

445 2054 524 2104 cent
538 2035 591 2131 (5)
604 2061 733 2129 :neque
742 2037 829 2106 illud
841 2045 968 2106 mirum
977 2037 1054 2122 fnit,
1067 2039 1342 2130 quandoquidem
1356 2057 1389 2105 et
1401 2038 1552 2108 Platonis
1640 2039 1641 2114 ξ

442 2148 560 2242 politia
573 2151 806 2220 criminatores
819 2171 955 2242 graecos
967 2165 1064 2216 nacta
1077 2165 1148 2229 est,
1162 2172 1246 2240 quos
1259 2151 1346 2218 iuter
1358 2152 1549 2232 Zenonem,

397 2261 399 2271 ’
443 2253 663 2338 Aristotelem
671 2273 775 2348 atque
788 2254 1003 2326 Athenaeum
1017 2253 1083 2350 (6).
1097 2254 1261 2324 Aristides
1275 2257 1356 2326 item
1368 2260 1553 2345 Quintilio«

443 2391 508 2436 nus
528 2365 686 2458 politiam
703 2365 878 2437 Ciceronis
894 2365 988 2430 novit
1002 2360 1054 2455 (7)
1069 2408 1078 2428 .
1095 2365 1136 2430 Iu
1154 2364 1476 2452 vaticanoquodom
1494 2392 1554 2457 pa·

440 2476 621 2568 limpsesto
632 2476 716 2546 latet
737 2501 876 2570 graccus
894 2492 1012 2542 auctor
1032 2471 1213 2564 politicus,
1239 2475 1307 2541 sive
1325 2476 1436 2564 po'tius
1454 2475 1549 2572 siug-

443 2601 558 2654 menta
575 2585 750 2652 eiusdem:
770 2586 797 2650 is
812 2599 933 2650 auctor
951 2603 1063 2672 neque
1083 2580 1423 2668 antiquissimusest,
1443 2607 1555 2674 neque

441 2694 540 2764 valde
552 2718 668 2762 recens
680 2721 689 2758 e
701 2694 867 2784 scriptura
887 2693 1027 2781 quidem
1045 2690 1172 2761 codicis
1191 2690 1277 2778 sapit
1295 2689 1471 2760 saeculum
1490 2701 1552 2762 de-

444 2807 597 2874 cimum:
633 2804 692 2870 sed
711 2800 919 2870 decoctoris
938 2799 1044 2888 ipsius
1061 2813 1169 2864 aetate
1193 2795 1281 2862 nihil
1300 2797 1412 2868 adhuc
1431 2801 1553 2870 decer·

381 2937 387 2959 ⁸
441 2937 487 2981 no
500 2939 510 2978 e
524 2930 736 3005 quamquam
756 2907 815 2975 ille
833 2904 1015 2998 politicus,
1042 2906 1138 2972 cuius
1156 2904 1299 2972 Photius
1317 2905 1554 3002 cod.xxxv11

440 3022 599 3090 notitiam
616 3019 713 3088 nohis
737 3017 902 3098 exhibet,
928 3015 1011 3082 adeo
1030 3013 1188 3106 congruit
1206 3034 1284 3087 cum
1302 3013 1454 3081 vaticano
1475 3063 1485 3098 ,
1513 3037 1554 3086 ut

439 3131 538 3226 plano
559 3134 651 3200 idem
667 3131 771 3200 homo
800 3153 869 3198 esse
888 3127 1044 3194 videatur
1064 3167 1074 3206 ,
1100 3122 1290 3204 iustinianei
1327 3121 1457 3198 scilicet
1483 3127 1558 3197 aeti
1640 3221 1641 3224 Ἴ

441 3243 610 3328 scriptor,
627 3251 661 3298 et
677 3235 816 3298 fortasse
835 3233 893 3296 ille
907 3237 1028 3293 Petrus
1040 3233 1218 3294 Procoeton
1237 3227 1377 3312 politica
1398 3233 1557 3306 doctrina
1640 3245 1641 3308 ἶ

442 3348 670 3420 clarissimus.
694 3343 728 3408 Is
746 3341 851 3432 igitur
873 3337 1047 3405 vaticanus
1075 3355 1264 3423 anonymus
1290 3333 1395 3402 libros
1413 3340 1551 3435 aliquot

440 3453 637 3544 conscripsit
648 3444 718 3540 supi
731 3439 903 3516 πολιτικὴ
918 3436 1078 3526 ι’πιςίμις
1091 3463 1102 3514 ς
1115 3437 1206 3506 libro
1225 3457 1339 3510 autem
1358 3450 1478 3534 quinto
1491 3459 1554 3546 qui
1640 3483 1641 3486 ¹

440 3579 491 3631 est
507 3562 550 3628 de
568 3573 640 3626 arte
657 3549 823 3643 regnandi
842 3545 972 3640 (sicuti
989 3545 1128 3636 quintus
1147 3545 1320 3616 Ciceronis
1335 3568 1385 3618 est
1404 3556 1445 3622 de
1463 3564 1553 3652 reip.

440 3684 572 3737 rectore
591 3662 606 3756 )
625 3656 802 3750 praeponit
820 3651 1041 3720 summarium
1059 3649 1094 3716 in
1112 3648 1288 3738 complura
1307 3658 1415 3744 capita
1435 3663 1554 3734 tribu.

441 3795 537 3862 tum,
555 3791 704 3866 quorum
714 3767 829 3834 inuno
843 3760 1048 3851 comparatio
1061 3756 1099 3834 lit
1111 3755 1250 3851 politiae
1261 3756 1450 3848 platonicae
1470 3789 1555 3838 cnm

481 4017 527 4088 (t)
550 4004 628 4064 Nod.
646 4000 708 4064 Cic.
727 4000 780 4060 lll.
801 3994 830 4057 ὅ.
1056 3989 1103 4066 (5)
1126 3989 1207 4050 Vide
1225 3989 1412 4062 testimonia,

470 4101 527 4168 (ἡ
551 4088 647 4149 Praei.
670 4087 709 4145 ad
725 4083 830 4162 fragm.
851 4077 889 4136 de
906 4097 970 4156 rep.
1058 4079 1105 4150 (6)
1128 4073 1549 4158 Plutarchdestoicrepugn,

480 4177 527 4252 (3)
549 4177 660 4232 Contra
676 4167 744 4227 Rus.
764 4169 787 4224 1.
810 4163 855 4224 16.
1015 4155 1062 4254 ed..
1082 4155 1182 4218 Reisk.
1202 4169 1222 4213 t.
1240 4179 1268 4216 x.
1287 4177 1318 4239 p.
1331 4159 1401 4218 282.
1420 4161 1548 4228 Aristot.

480 4263 528 4337 (4)
552 4255 632 4316 Vide
662 4249 800 4312 scholion
826 4255 895 4312 ente
930 4242 974 4306 li·
1014 4262 1089 4320 resp.
1109 4243 1147 4300 ll.
1167 4239 1389 4299 Athen.xr.15.

370 4431 377 4444 ι
440 4339 527 4406 brom
544 4361 589 4402 tv.
601 4339 639 4398 de
657 4355 720 4416 rep.
951 4396 955 4416 Ι
1055 4333 1103 4412 (7)
1125 4327 1170 4422 lle
1187 4343 1250 4424 rep.
1270 4343 1316 4438 'l'
1334 4322 1367 4388 in
1381 4322 1432 4386 fin.

1413 4472 1423 4503 l
