<?xml version="1.0" encoding="UTF-8"?>
<!DOCTYPE html PUBLIC "-//W3C//DTD XHTML 1.0 Transitional//EN"
    "http://www.w3.org/TR/xhtml1/DTD/xhtml1-transitional.dtd">
<html xmlns="http://www.w3.org/1999/xhtml" xml:lang="en" lang="en">
 <head>
  <title>
</title>
<meta http-equiv="Content-Type" content="text/html;charset=utf-8" />
  <meta name='ocr-system' content='tesseract 3.04.00' />
  <meta name='ocr-capabilities' content='ocr_page ocr_carea ocr_par ocr_line ocrx_word'/>
</head>
<body>
  <div class='ocr_page' id='page_1' title='image "./mtulliciceronis00maigoog_0356.png"; bbox 0 0 3286 5658; ppageno 0'>
   <div class='ocr_carea' id='block_1_1' title="bbox 478 495 1233 610">
    <p class='ocr_par' dir='ltr' id='par_1_1' title="bbox 478 495 1233 610">
     <span class='ocr_line' id='line_1_1' title="bbox 478 495 1233 610; baseline 0.005 -40"><span class='ocrx_word' id='word_1_1' title='bbox 478 509 731 570; x_wconf 70' lang='lat' dir='ltr'><em>sione</em></span> <span class='ocrx_word' id='word_1_2' title='bbox 775 507 860 588; x_wconf 84' lang='lat'><em>1111.</em></span> <span class='ocrx_word' id='word_1_3' title='bbox 1149 495 1233 610; x_wconf 79' lang='lat'><em>²87</em></span> 
     </span>
    </p>
   </div>
   <div class='ocr_carea' id='block_1_2' title="bbox 125 615 1240 846">
    <p class='ocr_par' dir='ltr' id='par_1_2' title="bbox 125 615 1240 846">
     <span class='ocr_line' id='line_1_2' title="bbox 125 615 1240 729; baseline 0.004 -30"><span class='ocrx_word' id='word_1_4' title='bbox 125 615 365 727; x_wconf 78' lang='lat' dir='ltr'><em>Augustinus</em></span> <span class='ocrx_word' id='word_1_5' title='bbox 400 621 446 699; x_wconf 89' lang='lat' dir='ltr'><em>C.</em></span> <span class='ocrx_word' id='word_1_6' title='bbox 463 624 590 704; x_wconf 70' lang='lat' dir='ltr'><em>uu.</em></span> <span class='ocrx_word' id='word_1_7' title='bbox 614 624 674 722; x_wconf 73' lang='lat' dir='ltr'><em>ml,</em></span> <span class='ocrx_word' id='word_1_8' title='bbox 698 640 738 700; x_wconf 90' lang='lat' dir='ltr'><em>et</em></span> <span class='ocrx_word' id='word_1_9' title='bbox 765 628 828 704; x_wconf 85' lang='lat' dir='ltr'><em>Io.</em></span> <span class='ocrx_word' id='word_1_10' title='bbox 850 624 1140 702; x_wconf 80' lang='lat' dir='ltr'><em>saresberiensis</em></span> <span class='ocrx_word' id='word_1_11' title='bbox 1161 654 1240 729; x_wconf 82' lang='lat' dir='ltr'><em>po-</em></span> 
     </span>
     <span class='ocr_line' id='line_1_3' title="bbox 128 745 369 846; baseline -0.008 -25"><span class='ocrx_word' id='word_1_12' title='bbox 128 745 213 822; x_wconf 88' lang='lat' dir='ltr'><em>lier.</em></span> <span class='ocrx_word' id='word_1_13' title='bbox 231 773 314 828; x_wconf 80' lang='lat' dir='ltr'><em>rrr.</em></span> <span class='ocrx_word' id='word_1_14' title='bbox 325 770 369 846; x_wconf 79' lang='grc'><em>,9.</em></span> 
     </span>
    </p>
   </div>
   <div class='ocr_carea' id='block_1_3' title="bbox 114 897 1329 3067">
    <p class='ocr_par' dir='ltr' id='par_1_3' title="bbox 114 897 1329 3067">
     <span class='ocr_line' id='line_1_4' title="bbox 124 897 1239 981; baseline 0 -17"><span class='ocrx_word' id='word_1_15' title='bbox 124 897 283 964; x_wconf 75' lang='lat' dir='ltr'>illustrium</span> <span class='ocrx_word' id='word_1_16' title='bbox 304 902 463 962; x_wconf 85' lang='lat' dir='ltr'><em>uirorum.</em></span> <span class='ocrx_word' id='word_1_17' title='bbox 481 903 555 964; x_wconf 86' lang='lat' dir='ltr'><em>Hele</em></span> <span class='ocrx_word' id='word_1_18' title='bbox 579 909 676 964; x_wconf 85' lang='lat' dir='ltr'><em>eutem</em></span> <span class='ocrx_word' id='word_1_19' title='bbox 703 902 839 964; x_wconf 75' lang='lat' dir='ltr'>oboritur</span> <span class='ocrx_word' id='word_1_20' title='bbox 855 903 937 964; x_wconf 79' lang='lat' dir='ltr'><em>haud</em></span> <span class='ocrx_word' id='word_1_21' title='bbox 960 897 1239 981; x_wconf 79' lang='lat' dir='ltr'><em>obsurde.qusestio</em></span> 
     </span>
     <span class='ocr_line' id='line_1_5' title="bbox 123 986 1236 1067; baseline 0.002 -25"><span class='ocrx_word' id='word_1_22' title='bbox 123 995 222 1042; x_wconf 89' lang='lat' dir='ltr'><em>utrum</em></span> <span class='ocrx_word' id='word_1_23' title='bbox 244 987 285 1042; x_wconf 91' lang='lat' dir='ltr'><em>lo.</em></span> <span class='ocrx_word' id='word_1_24' title='bbox 297 987 549 1057; x_wconf 75' lang='lat' dir='ltr'><em>saresberiensis,</em></span> <span class='ocrx_word' id='word_1_25' title='bbox 567 988 616 1066; x_wconf 88' lang='lat' dir='ltr'><em>qui</em></span> <span class='ocrx_word' id='word_1_26' title='bbox 626 989 731 1067; x_wconf 89' lang='lat' dir='ltr'><em>policr.</em></span> <span class='ocrx_word' id='word_1_27' title='bbox 746 1009 803 1048; x_wconf 82' lang='lat' dir='ltr'><em>vn.</em></span> <span class='ocrx_word' id='word_1_28' title='bbox 818 1009 836 1064; x_wconf 88' lang='lat'><strong>9</strong></span> <span class='ocrx_word' id='word_1_29' title='bbox 855 987 953 1048; x_wconf 88' lang='lat' dir='ltr'><em>locum</em></span> <span class='ocrx_word' id='word_1_30' title='bbox 970 986 1051 1046; x_wconf 88' lang='lat' dir='ltr'><em>hune</em></span> <span class='ocrx_word' id='word_1_31' title='bbox 1063 986 1236 1060; x_wconf 84' lang='lat' dir='ltr'><em>continuat,</em></span> 
     </span>
     <span class='ocr_line' id='line_1_6' title="bbox 123 1065 1329 1150; baseline -0.002 -22"><span class='ocrx_word' id='word_1_32' title='bbox 123 1065 274 1128; x_wconf 78' lang='lat' dir='ltr'><em>Ciceronis</em></span> <span class='ocrx_word' id='word_1_33' title='bbox 289 1089 369 1148; x_wconf 84' lang='lat' dir='ltr'><em>opus</em></span> <span class='ocrx_word' id='word_1_34' title='bbox 388 1069 425 1128; x_wconf 88' lang='lat' dir='ltr'><em>de</em></span> <span class='ocrx_word' id='word_1_35' title='bbox 443 1091 506 1148; x_wconf 74' lang='lat' dir='ltr'><em>rep.</em></span> <span class='ocrx_word' id='word_1_36' title='bbox 525 1071 654 1144; x_wconf 85' lang='lat' dir='ltr'><em>uiderit,</em></span> <span class='ocrx_word' id='word_1_37' title='bbox 674 1093 711 1132; x_wconf 83' lang='lat' dir='ltr'><em>su</em></span> <span class='ocrx_word' id='word_1_38' title='bbox 727 1071 827 1150; x_wconf 85' lang='lat' dir='ltr'><em>patius</em></span> <span class='ocrx_word' id='word_1_39' title='bbox 845 1091 937 1150; x_wconf 88' lang='lat' dir='ltr'><em>usque</em></span> <span class='ocrx_word' id='word_1_40' title='bbox 959 1069 1019 1130; x_wconf 89' lang='lat' dir='ltr'><em>bue</em></span> <span class='ocrx_word' id='word_1_41' title='bbox 1035 1069 1155 1147; x_wconf 86' lang='lat' dir='ltr'><em>quidem</em></span> <span class='ocrx_word' id='word_1_42' title='bbox 1177 1073 1238 1130; x_wconf 59' lang='lat' dir='ltr'><em>Aua</em></span> <span class='ocrx_word' id='word_1_43' title='bbox 1324 1071 1329 1080; x_wconf 80' lang='grc'><strong>’</strong></span> 
     </span>
     <span class='ocr_line' id='line_1_7' title="bbox 122 1151 1240 1233; baseline 0.001 -23"><span class='ocrx_word' id='word_1_44' title='bbox 122 1151 273 1227; x_wconf 80' lang='lat' dir='ltr'><em>gustinum</em></span> <span class='ocrx_word' id='word_1_45' title='bbox 286 1152 536 1230; x_wconf 81' lang='lat' dir='ltr'><em>interpolsuerit,</em></span> <span class='ocrx_word' id='word_1_46' title='bbox 556 1155 672 1233; x_wconf 80' lang='lat' dir='ltr'><em>relique</em></span> <span class='ocrx_word' id='word_1_47' title='bbox 690 1170 787 1214; x_wconf 79' lang='lat' dir='ltr'><em>eutem</em></span> <span class='ocrx_word' id='word_1_48' title='bbox 804 1155 840 1212; x_wconf 88' lang='lat' dir='ltr'><em>de</em></span> <span class='ocrx_word' id='word_1_49' title='bbox 862 1176 913 1214; x_wconf 89' lang='lat' dir='ltr'><em>suo</em></span> <span class='ocrx_word' id='word_1_50' title='bbox 933 1154 1104 1214; x_wconf 72' lang='lat' dir='ltr'><em>addiderit.</em></span> <span class='ocrx_word' id='word_1_51' title='bbox 1125 1153 1173 1214; x_wconf 89' lang='lat' dir='ltr'><em>Sic</em></span> <span class='ocrx_word' id='word_1_52' title='bbox 1184 1154 1240 1230; x_wconf 86' lang='lat' dir='ltr'><em>igi-</em></span> 
     </span>
     <span class='ocr_line' id='line_1_8' title="bbox 123 1234 1241 1318; baseline 0.004 -26"><span class='ocrx_word' id='word_1_53' title='bbox 123 1246 173 1292; x_wconf 89' lang='lat' dir='ltr'><em>tur</em></span> <span class='ocrx_word' id='word_1_54' title='bbox 188 1234 432 1295; x_wconf 77' lang='lat' dir='ltr'><em>saresberiensis:</em></span> <span class='ocrx_word' id='word_1_55' title='bbox 455 1243 631 1298; x_wconf 74' lang='lat' dir='ltr'><em>Cicerocum</em></span> <span class='ocrx_word' id='word_1_56' title='bbox 647 1239 789 1318; x_wconf 60' lang='lat' dir='ltr'><em>depol-&#39;tis</em></span> <span class='ocrx_word' id='word_1_57' title='bbox 805 1251 906 1313; x_wconf 80' lang='lat' dir='ltr'><em>ageret</em></span> <span class='ocrx_word' id='word_1_58' title='bbox 915 1280 924 1308; x_wconf 91' lang='lat'><em>,</em></span> <span class='ocrx_word' id='word_1_59' title='bbox 941 1251 973 1296; x_wconf 90' lang='lat' dir='ltr'><em>ut</em></span> <span class='ocrx_word' id='word_1_60' title='bbox 988 1241 1166 1313; x_wconf 83' lang='lat' dir='ltr'><em>diligentius</em></span> <span class='ocrx_word' id='word_1_61' title='bbox 1182 1261 1241 1296; x_wconf 88' lang='lat' dir='ltr'><em>au-</em></span> 
     </span>
     <span class='ocr_line' id='line_1_9' title="bbox 122 1317 1240 1400; baseline 0.015 -26"><span class='ocrx_word' id='word_1_62' title='bbox 122 1317 229 1376; x_wconf 79' lang='lat' dir='ltr'><em>diatur</em></span> <span class='ocrx_word' id='word_1_63' title='bbox 240 1320 403 1378; x_wconf 69' lang='lat' dir='ltr'><em>exclamat:</em></span> <span class='ocrx_word' id='word_1_64' title='bbox 426 1324 539 1382; x_wconf 86' lang='lat' dir='ltr'><em>elamor</em></span> <span class='ocrx_word' id='word_1_65' title='bbox 555 1333 584 1380; x_wconf 92' lang='lat' dir='ltr'><em>et</em></span> <span class='ocrx_word' id='word_1_66' title='bbox 593 1325 770 1399; x_wconf 80' lang='lat' dir='ltr'><em>adprobatio</em></span> <span class='ocrx_word' id='word_1_67' title='bbox 778 1325 1004 1400; x_wconf 51' lang='lat' dir='ltr'><em>populumne</em></span> <span class='ocrx_word' id='word_1_68' title='bbox 1017 1329 1118 1396; x_wconf 55' lang='grc' dir='ltr'><em>ΜΨ</em></span> <span class='ocrx_word' id='word_1_69' title='bbox 1135 1327 1240 1380; x_wconf 62' lang='lat' dir='ltr'><em>witti*</em></span> 
     </span>
     <span class='ocr_line' id='line_1_10' title="bbox 120 1401 1238 1482; baseline 0.005 -24"><span class='ocrx_word' id='word_1_70' title='bbox 120 1401 193 1458; x_wconf 84' lang='lat' dir='ltr'><em>dam</em></span> <span class='ocrx_word' id='word_1_71' title='bbox 211 1412 242 1458; x_wconf 88' lang='lat' dir='ltr'><em>et</em></span> <span class='ocrx_word' id='word_1_72' title='bbox 255 1408 399 1480; x_wconf 81' lang='lat' dir='ltr'><em>sapientis</em></span> <span class='ocrx_word' id='word_1_73' title='bbox 423 1409 584 1479; x_wconf 83' lang='lat' dir='ltr'><em>magistri,</em></span> <span class='ocrx_word' id='word_1_74' title='bbox 608 1419 637 1464; x_wconf 87' lang='lat' dir='ltr'><em>et</em></span> <span class='ocrx_word' id='word_1_75' title='bbox 657 1413 711 1482; x_wconf 83' lang='lat' dir='ltr'><em>qui</em></span> <span class='ocrx_word' id='word_1_76' title='bbox 733 1410 774 1468; x_wconf 74' lang='lat' dir='ltr'><em>nri</em></span> <span class='ocrx_word' id='word_1_77' title='bbox 798 1407 1076 1466; x_wconf 78' lang='lat' dir='ltr'><em>commendationem</em></span> <span class='ocrx_word' id='word_1_78' title='bbox 1103 1406 1238 1482; x_wconf 73' lang='lat' dir='ltr'><em>srgfficiat</em></span> 
     </span>
     <span class='ocr_line' id='line_1_11' title="bbox 116 1487 1236 1566; baseline 0.004 -24"><span class='ocrx_word' id='word_1_79' title='bbox 116 1487 232 1562; x_wconf 78' lang='lat' dir='ltr'><em>plausu</em></span> <span class='ocrx_word' id='word_1_80' title='bbox 248 1504 303 1544; x_wconf 85' lang='lat' dir='ltr'><em>suo</em></span> <span class='ocrx_word' id='word_1_81' title='bbox 313 1527 322 1554; x_wconf 92' lang='lat'><strong><em>,</em></strong></span> <span class='ocrx_word' id='word_1_82' title='bbox 339 1507 415 1564; x_wconf 88' lang='lat' dir='ltr'><em>quos</em></span> <span class='ocrx_word' id='word_1_83' title='bbox 433 1487 500 1546; x_wconf 75' lang='lat' dir='ltr'><em>restit</em></span> <span class='ocrx_word' id='word_1_84' title='bbox 510 1490 595 1566; x_wconf 85' lang='lat' dir='ltr'><em>sarit</em></span> <span class='ocrx_word' id='word_1_85' title='bbox 610 1491 807 1552; x_wconf 77' lang='lat' dir='ltr'><em>necthenticos.</em></span> <span class='ocrx_word' id='word_1_86' title='bbox 833 1490 960 1557; x_wconf 82' lang='lat' dir='ltr'><em>Atilii,</em></span> <span class='ocrx_word' id='word_1_87' title='bbox 978 1494 1031 1566; x_wconf 86' lang='lat' dir='ltr'><em>qui</em></span> <span class='ocrx_word' id='word_1_88' title='bbox 1050 1493 1144 1548; x_wconf 85' lang='lat' dir='ltr'><em>tantis</em></span> <span class='ocrx_word' id='word_1_89' title='bbox 1164 1492 1236 1547; x_wconf 86' lang='lat' dir='ltr'><em>lau-</em></span> 
     </span>
     <span class='ocr_line' id='line_1_12' title="bbox 119 1566 1236 1651; baseline 0.005 -27"><span class='ocrx_word' id='word_1_90' title='bbox 119 1567 211 1626; x_wconf 82' lang='lat' dir='ltr'><em>dibus</em></span> <span class='ocrx_word' id='word_1_91' title='bbox 229 1566 416 1645; x_wconf 60' lang='lat' dir='ltr'><em>efferuntur,</em></span> <span class='ocrx_word' id='word_1_92' title='bbox 437 1585 568 1649; x_wconf 82' lang='lat' dir='ltr'><em>qrrantas</em></span> <span class='ocrx_word' id='word_1_93' title='bbox 585 1573 734 1634; x_wconf 82' lang='lat' dir='ltr'><em>obducunt</em></span> <span class='ocrx_word' id='word_1_94' title='bbox 750 1576 904 1634; x_wconf 81' lang='lat' dir='ltr'><em>tenebras!</em></span> <span class='ocrx_word' id='word_1_95' title='bbox 922 1592 998 1651; x_wconf 83' lang='lat' dir='ltr'><em>quos</em></span> <span class='ocrx_word' id='word_1_96' title='bbox 1014 1573 1160 1630; x_wconf 79' lang='lat' dir='ltr'><em>instabunt</em></span> <span class='ocrx_word' id='word_1_97' title='bbox 1177 1590 1236 1630; x_wconf 81' lang='lat' dir='ltr'><em>me·</em></span> 
     </span>
     <span class='ocr_line' id='line_1_13' title="bbox 119 1655 1238 1734; baseline -0.008 -12"><span class='ocrx_word' id='word_1_98' title='bbox 119 1656 190 1714; x_wconf 70' lang='lat' dir='ltr'><em>imi</em></span> <span class='ocrx_word' id='word_1_99' title='bbox 212 1673 289 1730; x_wconf 64' lang='lat' dir='ltr'><em>‘litai</em></span> <span class='ocrx_word' id='word_1_100' title='bbox 305 1657 493 1722; x_wconf 64' lang='lat' dir='ltr'><em>inflammant</em></span> <span class='ocrx_word' id='word_1_101' title='bbox 507 1657 685 1732; x_wconf 71' lang='lat' dir='ltr'><em>respitientes</em></span> <span class='ocrx_word' id='word_1_102' title='bbox 701 1665 708 1717; x_wconf 88' lang='lat' dir='ltr'><em>l</em></span> <span class='ocrx_word' id='word_1_103' title='bbox 730 1665 772 1719; x_wconf 81' lang='lat' dir='ltr'><em>tlt</em></span> <span class='ocrx_word' id='word_1_104' title='bbox 788 1669 895 1734; x_wconf 80' lang='lat' dir='ltr'><em>stupra</em></span> <span class='ocrx_word' id='word_1_105' title='bbox 909 1655 1120 1733; x_wconf 78' lang='lat' dir='ltr'><em>adstiteriaque</em></span> <span class='ocrx_word' id='word_1_106' title='bbox 1135 1661 1238 1714; x_wconf 80' lang='lat' dir='ltr'><em>canei·</em></span> 
     </span>
     <span class='ocr_line' id='line_1_14' title="bbox 119 1737 1236 1816; baseline 0.003 -22"><span class='ocrx_word' id='word_1_107' title='bbox 119 1741 215 1805; x_wconf 77' lang='lat' dir='ltr'><em>iiaut3</em></span> <span class='ocrx_word' id='word_1_108' title='bbox 237 1737 482 1816; x_wconf 79' lang='lat' dir='ltr'><em>prosequiturque</em></span> <span class='ocrx_word' id='word_1_109' title='bbox 507 1739 567 1796; x_wconf 82' lang='lat' dir='ltr'><em>elia</em></span> <span class='ocrx_word' id='word_1_110' title='bbox 588 1739 747 1799; x_wconf 88' lang='lat' dir='ltr'><em>eiusmodi.</em></span> <span class='ocrx_word' id='word_1_111' title='bbox 776 1745 801 1799; x_wconf 87' lang='lat' dir='ltr'>T</span> <span class='ocrx_word' id='word_1_112' title='bbox 805 1762 853 1798; x_wconf 87' lang='lat' dir='ltr'><em>um</em></span> <span class='ocrx_word' id='word_1_113' title='bbox 880 1759 896 1796; x_wconf 88' lang='lat' dir='ltr'><em>e</em></span> <span class='ocrx_word' id='word_1_114' title='bbox 922 1737 1061 1796; x_wconf 85' lang='lat' dir='ltr'><em>Terentio</em></span> <span class='ocrx_word' id='word_1_115' title='bbox 1079 1737 1236 1809; x_wconf 86' lang='lat' dir='ltr'><em>(Eunueh.</em></span> 
     </span>
     <span class='ocr_line' id='line_1_15' title="bbox 119 1819 1239 1903; baseline 0.002 -25"><span class='ocrx_word' id='word_1_116' title='bbox 119 1819 250 1891; x_wconf 69' lang='lat' dir='ltr'><em>Iliso),</em></span> <span class='ocrx_word' id='word_1_117' title='bbox 268 1826 340 1899; x_wconf 81' lang='lat' dir='ltr'><em>qui,</em></span> <span class='ocrx_word' id='word_1_118' title='bbox 359 1834 391 1880; x_wconf 91' lang='lat' dir='ltr'><em>ut</em></span> <span class='ocrx_word' id='word_1_119' title='bbox 407 1823 466 1892; x_wconf 81' lang='lat' dir='ltr'><em>sit,</em></span> <span class='ocrx_word' id='word_1_120' title='bbox 479 1845 553 1897; x_wconf 81' lang='lat' dir='ltr'><em>prae</em></span> <span class='ocrx_word' id='word_1_121' title='bbox 572 1831 680 1882; x_wconf 86' lang='lat' dir='ltr'><em>ceteris</em></span> <span class='ocrx_word' id='word_1_122' title='bbox 700 1831 820 1903; x_wconf 80' lang='lat' dir='ltr'><em>placet,</em></span> <span class='ocrx_word' id='word_1_123' title='bbox 840 1822 1007 1897; x_wconf 85' lang='lat' dir='ltr'><em>exemplum</em></span> <span class='ocrx_word' id='word_1_124' title='bbox 1026 1821 1105 1880; x_wconf 92' lang='lat' dir='ltr'><em>illud</em></span> <span class='ocrx_word' id='word_1_125' title='bbox 1122 1821 1239 1896; x_wconf 78' lang='lat' dir='ltr'><em>profert</em></span> 
     </span>
     <span class='ocr_line' id='line_1_16' title="bbox 120 1899 1239 1984; baseline 0.002 -24"><span class='ocrx_word' id='word_1_126' title='bbox 120 1899 332 1976; x_wconf 71' lang='lat' dir='ltr'><em>adulescentis,</em></span> <span class='ocrx_word' id='word_1_127' title='bbox 343 1904 392 1982; x_wconf 89' lang='lat' dir='ltr'><em>qui</em></span> <span class='ocrx_word' id='word_1_128' title='bbox 410 1907 440 1962; x_wconf 92' lang='lat' dir='ltr'><em>in</em></span> <span class='ocrx_word' id='word_1_129' title='bbox 452 1905 553 1964; x_wconf 75' lang='lat' dir='ltr'><em>tabule</em></span> <span class='ocrx_word' id='word_1_130' title='bbox 562 1919 698 1984; x_wconf 82' lang='lat' dir='ltr'><em>spectans</em></span> <span class='ocrx_word' id='word_1_131' title='bbox 709 1911 808 1967; x_wconf 90' lang='lat' dir='ltr'><em>Iouem</em></span> <span class='ocrx_word' id='word_1_132' title='bbox 820 1905 1041 1974; x_wconf 79' lang='lat' dir='ltr'><em>lasciuientem,</em></span> <span class='ocrx_word' id='word_1_133' title='bbox 1051 1903 1130 1964; x_wconf 84' lang='lat' dir='ltr'><em>mulo</em></span> <span class='ocrx_word' id='word_1_134' title='bbox 1140 1923 1239 1962; x_wconf 75' lang='lat' dir='ltr'><em>mem·</em></span> 
     </span>
     <span class='ocr_line' id='line_1_17' title="bbox 118 1985 1240 2068; baseline -0.001 -22"><span class='ocrx_word' id='word_1_135' title='bbox 118 1987 172 2068; x_wconf 84' lang='lat' dir='ltr'><em>plo</em></span> <span class='ocrx_word' id='word_1_136' title='bbox 185 1987 334 2046; x_wconf 75' lang='lat' dir='ltr'><em>abutitur.</em></span> <span class='ocrx_word' id='word_1_137' title='bbox 346 1990 438 2066; x_wconf 82' lang='lat' dir='ltr'><strong>Atqui</strong></span> <span class='ocrx_word' id='word_1_138' title='bbox 448 2001 481 2046; x_wconf 87' lang='lat' dir='ltr'><em>ut</em></span> <span class='ocrx_word' id='word_1_139' title='bbox 496 2001 551 2066; x_wconf 82' lang='lat' dir='ltr'><em>ego</em></span> <span class='ocrx_word' id='word_1_140' title='bbox 569 1988 687 2048; x_wconf 79' lang='lat' dir='ltr'><em>credam</em></span> <span class='ocrx_word' id='word_1_141' title='bbox 702 1988 831 2050; x_wconf 84' lang='lat' dir='ltr'><em>Terentii</em></span> <span class='ocrx_word' id='word_1_142' title='bbox 849 2009 1013 2046; x_wconf 86' lang='lat' dir='ltr'><em>sermonem</em></span> <span class='ocrx_word' id='word_1_143' title='bbox 1023 2007 1113 2063; x_wconf 83' lang='lat' dir='ltr'><em>super</em></span> <span class='ocrx_word' id='word_1_144' title='bbox 1130 1985 1184 2043; x_wconf 81' lang='lat' dir='ltr'><em>ills</em></span> <span class='ocrx_word' id='word_1_145' title='bbox 1195 1989 1240 2046; x_wconf 82' lang='lat' dir='ltr'><em>lo·</em></span> 
     </span>
     <span class='ocr_line' id='line_1_18' title="bbox 119 2069 1237 2151; baseline 0 -23"><span class='ocrx_word' id='word_1_146' title='bbox 119 2071 165 2128; x_wconf 87' lang='lat' dir='ltr'><em>uis</em></span> <span class='ocrx_word' id='word_1_147' title='bbox 182 2071 301 2148; x_wconf 76' lang='lat' dir='ltr'><em>pictura</em></span> <span class='ocrx_word' id='word_1_148' title='bbox 318 2091 420 2149; x_wconf 77' lang='lat' dir='ltr'><em>reapse</em></span> <span class='ocrx_word' id='word_1_149' title='bbox 437 2073 468 2128; x_wconf 91' lang='lat' dir='ltr'><em>in</em></span> <span class='ocrx_word' id='word_1_150' title='bbox 484 2085 589 2148; x_wconf 78' lang='lat' dir='ltr'><em>questo</em></span> <span class='ocrx_word' id='word_1_151' title='bbox 606 2072 644 2131; x_wconf 90' lang='lat' dir='ltr'><em>de</em></span> <span class='ocrx_word' id='word_1_152' title='bbox 658 2094 721 2151; x_wconf 84' lang='lat' dir='ltr'><em>rep.</em></span> <span class='ocrx_word' id='word_1_153' title='bbox 742 2074 886 2142; x_wconf 80' lang='lat' dir='ltr'><em>extitisse,</em></span> <span class='ocrx_word' id='word_1_154' title='bbox 909 2071 963 2131; x_wconf 90' lang='lat' dir='ltr'><em>illo</em></span> <span class='ocrx_word' id='word_1_155' title='bbox 983 2071 1107 2128; x_wconf 74' lang='lat' dir='ltr'><em>maxime</em></span> <span class='ocrx_word' id='word_1_156' title='bbox 1124 2069 1237 2128; x_wconf 88' lang='lat' dir='ltr'><em>indicio</em></span> 
     </span>
     <span class='ocr_line' id='line_1_19' title="bbox 117 2153 1239 2235; baseline 0 -23"><span class='ocrx_word' id='word_1_157' title='bbox 117 2168 202 2223; x_wconf 88' lang='lat' dir='ltr'><em>utor,</em></span> <span class='ocrx_word' id='word_1_158' title='bbox 222 2153 303 2231; x_wconf 90' lang='lat' dir='ltr'><em>quod</em></span> <span class='ocrx_word' id='word_1_159' title='bbox 312 2156 496 2232; x_wconf 73' lang='lat' dir='ltr'><em>Augustinus</em></span> <span class='ocrx_word' id='word_1_160' title='bbox 505 2157 538 2216; x_wconf 85' lang='lat' dir='ltr'><em>C·</em></span> <span class='ocrx_word' id='word_1_161' title='bbox 550 2158 585 2212; x_wconf 86' lang='lat' dir='ltr'><em>D.</em></span> <span class='ocrx_word' id='word_1_162' title='bbox 598 2157 636 2212; x_wconf 96' lang='lat' dir='ltr'><em>ll.</em></span> <span class='ocrx_word' id='word_1_163' title='bbox 657 2179 712 2226; x_wconf 82' lang='lat'><em>12,</em></span> <span class='ocrx_word' id='word_1_164' title='bbox 730 2172 888 2235; x_wconf 82' lang='lat' dir='ltr'><em>postquem</em></span> <span class='ocrx_word' id='word_1_165' title='bbox 897 2154 1018 2234; x_wconf 84' lang='lat' dir='ltr'><em>repetiit</em></span> <span class='ocrx_word' id='word_1_166' title='bbox 1035 2153 1133 2214; x_wconf 80' lang='lat' dir='ltr'><em>lociuu</em></span> <span class='ocrx_word' id='word_1_167' title='bbox 1151 2153 1239 2212; x_wconf 87' lang='lat' dir='ltr'><em>illum</em></span> 
     </span>
     <span class='ocr_line' id='line_1_20' title="bbox 118 2235 1236 2317; baseline -0.004 -19"><span class='ocrx_word' id='word_1_168' title='bbox 118 2237 271 2302; x_wconf 83' lang='lat' dir='ltr'><em>Ciceronis</em></span> <span class='ocrx_word' id='word_1_169' title='bbox 281 2257 367 2314; x_wconf 86' lang='lat' dir='ltr'><em>quem</em></span> <span class='ocrx_word' id='word_1_170' title='bbox 379 2242 928 2317; x_wconf 69' lang='lat' dir='ltr'><em>capmpnpumuposui,Scipionem</em></span> <span class='ocrx_word' id='word_1_171' title='bbox 938 2259 1004 2296; x_wconf 83' lang='lat' dir='ltr'><em>mox</em></span> <span class='ocrx_word' id='word_1_172' title='bbox 1014 2237 1167 2312; x_wconf 76' lang='lat' dir='ltr'><em>alloquens</em></span> <span class='ocrx_word' id='word_1_173' title='bbox 1177 2235 1236 2294; x_wconf 78' lang='lat' dir='ltr'><em>site</em></span> 
     </span>
     <span class='ocr_line' id='line_1_21' title="bbox 116 2319 1237 2401; baseline -0.003 -19"><span class='ocrx_word' id='word_1_174' title='bbox 116 2333 146 2382; x_wconf 87' lang='lat' dir='ltr'><em>et</em></span> <span class='ocrx_word' id='word_1_175' title='bbox 162 2319 288 2397; x_wconf 81' lang='lat' dir='ltr'><em>dignum</em></span> <span class='ocrx_word' id='word_1_176' title='bbox 304 2325 375 2400; x_wconf 85' lang='lat' dir='ltr'><em>suit</em></span> <span class='ocrx_word' id='word_1_177' title='bbox 396 2335 430 2380; x_wconf 86' lang='lat' dir='ltr'><em>ut</em></span> <span class='ocrx_word' id='word_1_178' title='bbox 458 2325 615 2382; x_wconf 79' lang='lat' dir='ltr'><em>Terentius.</em></span> <span class='ocrx_word' id='word_1_179' title='bbox 634 2337 730 2382; x_wconf 85' lang='lat' dir='ltr'><em>uester</em></span> <span class='ocrx_word' id='word_1_180' title='bbox 739 2327 865 2401; x_wconf 80' lang='lat' dir='ltr'><em>flagitio</em></span> <span class='ocrx_word' id='word_1_181' title='bbox 886 2327 974 2381; x_wconf 88' lang='lat' dir='ltr'><em>Iouis</em></span> <span class='ocrx_word' id='word_1_182' title='bbox 990 2325 1094 2398; x_wconf 82' lang='lat' dir='ltr'><em>optimi</em></span> <span class='ocrx_word' id='word_1_183' title='bbox 1112 2325 1237 2379; x_wconf 75' lang='lat' dir='ltr'><em>maximi</em></span> 
     </span>
     <span class='ocr_line' id='line_1_22' title="bbox 115 2399 1246 2485; baseline -0.004 -21"><span class='ocrx_word' id='word_1_184' title='bbox 115 2405 349 2466; x_wconf 54' lang='lat' dir='ltr'><em>aestuantium</em></span> <span class='ocrx_word' id='word_1_185' title='bbox 359 2411 522 2485; x_wconf 79' lang='lat' dir='ltr'><em>nequitiam</em></span> <span class='ocrx_word' id='word_1_186' title='bbox 533 2412 692 2466; x_wconf 75' lang='lat' dir='ltr'><em>concitaret</em></span> <span class='ocrx_word' id='word_1_187' title='bbox 702 2408 712 2462; x_wconf 84' lang='lat' dir='ltr'><em>i</em></span> <span class='ocrx_word' id='word_1_188' title='bbox 722 2408 805 2466; x_wconf 86' lang='lat' dir='ltr'><em>idem</em></span> <span class='ocrx_word' id='word_1_189' title='bbox 816 2405 998 2482; x_wconf 75' lang='lat' dir='ltr'><em>Augustinus</em></span> <span class='ocrx_word' id='word_1_190' title='bbox 1009 2407 1081 2462; x_wconf 86' lang='lat' dir='ltr'><em>C.D.</em></span> <span class='ocrx_word' id='word_1_191' title='bbox 1094 2403 1132 2460; x_wconf 95' lang='lat' dir='ltr'><em>ll.</em></span> <span class='ocrx_word' id='word_1_192' title='bbox 1147 2424 1164 2482; x_wconf 87' lang='lat'><strong>7</strong></span> <span class='ocrx_word' id='word_1_193' title='bbox 1175 2399 1216 2460; x_wconf 84' lang='lat' dir='ltr'><em>ait</em></span> <span class='ocrx_word' id='word_1_194' title='bbox 1226 2423 1246 2472; x_wconf 47' lang='grc' dir='ltr'><em>ιῚ</em></span> 
     </span>
     <span class='ocr_line' id='line_1_23' title="bbox 114 2485 1239 2568; baseline -0.005 -22"><span class='ocrx_word' id='word_1_195' title='bbox 114 2499 230 2568; x_wconf 72' lang='lat' dir='ltr'><em>quanto</em></span> <span class='ocrx_word' id='word_1_196' title='bbox 248 2496 346 2548; x_wconf 82' lang='lat' dir='ltr'><em>satius</em></span> <span class='ocrx_word' id='word_1_197' title='bbox 362 2503 427 2550; x_wconf 84' lang='lat' dir='ltr'><em>erat</em></span> <span class='ocrx_word' id='word_1_198' title='bbox 436 2489 476 2550; x_wconf 79' lang='lat' dir='ltr'><em>ad</em></span> <span class='ocrx_word' id='word_1_199' title='bbox 482 2487 679 2550; x_wconf 79' lang='lat' dir='ltr'><em>erudiendum</em></span> <span class='ocrx_word' id='word_1_200' title='bbox 695 2497 841 2550; x_wconf 83' lang='lat' dir='ltr'><em>iustitiam</em></span> <span class='ocrx_word' id='word_1_201' title='bbox 852 2495 1031 2548; x_wconf 81' lang='lat' dir='ltr'><em>iuumtutcm</em></span> <span class='ocrx_word' id='word_1_202' title='bbox 1041 2485 1239 2563; x_wconf 72' lang='lat' dir='ltr'><em>,putiscere-</em></span> 
     </span>
     <span class='ocr_line' id='line_1_24' title="bbox 115 2573 1239 2649; baseline 0.001 -21"><span class='ocrx_word' id='word_1_203' title='bbox 115 2576 208 2630; x_wconf 78' lang='lat' dir='ltr'><em>eitnri</em></span> <span class='ocrx_word' id='word_1_204' title='bbox 216 2573 297 2646; x_wconf 80' lang='lat' dir='ltr'><em>leges</em></span> <span class='ocrx_word' id='word_1_205' title='bbox 313 2573 436 2634; x_wconf 86' lang='lat' dir='ltr'><em>deorum</em></span> <span class='ocrx_word' id='word_1_206' title='bbox 446 2614 455 2641; x_wconf 89' lang='lat'><strong><em>,</em></strong></span> <span class='ocrx_word' id='word_1_207' title='bbox 465 2589 555 2648; x_wconf 76' lang='lat' dir='ltr'><em>quam</em></span> <span class='ocrx_word' id='word_1_208' title='bbox 563 2575 687 2632; x_wconf 85' lang='lat' dir='ltr'><em>laudari</em></span> <span class='ocrx_word' id='word_1_209' title='bbox 697 2580 826 2634; x_wconf 86' lang='lat' dir='ltr'><em>inaniter</em></span> <span class='ocrx_word' id='word_1_210' title='bbox 836 2580 915 2647; x_wconf 83' lang='lat' dir='ltr'><em>leges</em></span> <span class='ocrx_word' id='word_1_211' title='bbox 924 2585 1014 2649; x_wconf 78' lang='lat' dir='ltr'><em>atque</em></span> <span class='ocrx_word' id='word_1_212' title='bbox 1022 2577 1162 2629; x_wconf 80' lang='lat' dir='ltr'><em>instituta</em></span> <span class='ocrx_word' id='word_1_213' title='bbox 1170 2591 1239 2629; x_wconf 84' lang='lat' dir='ltr'><em>ma·-</em></span> 
     </span>
     <span class='ocr_line' id='line_1_25' title="bbox 116 2651 1237 2735; baseline -0.002 -21"><span class='ocrx_word' id='word_1_214' title='bbox 116 2658 232 2714; x_wconf 83' lang='lat' dir='ltr'><em>iorum!</em></span> <span class='ocrx_word' id='word_1_215' title='bbox 251 2653 325 2726; x_wconf 83' lang='lat' dir='ltr'><em>Quis</em></span> <span class='ocrx_word' id='word_1_216' title='bbox 341 2653 423 2716; x_wconf 79' lang='lat' dir='ltr'><em>haud</em></span> <span class='ocrx_word' id='word_1_217' title='bbox 442 2653 527 2712; x_wconf 86' lang='lat' dir='ltr'><em>uidet</em></span> <span class='ocrx_word' id='word_1_218' title='bbox 543 2651 670 2730; x_wconf 82' lang='lat' dir='ltr'><em>intelligi</em></span> <span class='ocrx_word' id='word_1_219' title='bbox 697 2657 734 2714; x_wconf 77' lang='lat' dir='ltr'><em>eb</em></span> <span class='ocrx_word' id='word_1_220' title='bbox 758 2657 924 2735; x_wconf 78' lang='lat' dir='ltr'><em>Augustino</em></span> <span class='ocrx_word' id='word_1_221' title='bbox 950 2653 1106 2723; x_wconf 88' lang='lat' dir='ltr'><em>Tullium,</em></span> <span class='ocrx_word' id='word_1_222' title='bbox 1130 2651 1180 2732; x_wconf 88' lang='lat' dir='ltr'><em>qui</em></span> <span class='ocrx_word' id='word_1_223' title='bbox 1198 2653 1237 2712; x_wconf 88' lang='lat' dir='ltr'><em>ob</em></span> 
     </span>
     <span class='ocr_line' id='line_1_26' title="bbox 120 2735 1239 2814; baseline -0.002 -20"><span class='ocrx_word' id='word_1_224' title='bbox 120 2736 316 2796; x_wconf 82' lang='lat' dir='ltr'><em>erudiendam</em></span> <span class='ocrx_word' id='word_1_225' title='bbox 330 2739 514 2798; x_wconf 88' lang='lat' dir='ltr'><em>iuuentutem</em></span> <span class='ocrx_word' id='word_1_226' title='bbox 535 2750 594 2796; x_wconf 88' lang='lat' dir='ltr'><em>toto</em></span> <span class='ocrx_word' id='word_1_227' title='bbox 616 2753 725 2814; x_wconf 80' lang='lat' dir='ltr'><em>qimrto·</em></span> <span class='ocrx_word' id='word_1_228' title='bbox 736 2741 815 2800; x_wconf 83' lang='lat' dir='ltr'><em>libro</em></span> <span class='ocrx_word' id='word_1_229' title='bbox 835 2737 969 2798; x_wconf 79' lang='lat' dir='ltr'><em>laudauit</em></span> <span class='ocrx_word' id='word_1_230' title='bbox 987 2739 1067 2812; x_wconf 89' lang='lat' dir='ltr'><em>leges</em></span> <span class='ocrx_word' id='word_1_231' title='bbox 1085 2749 1173 2811; x_wconf 79' lang='lat' dir='ltr'><em>atque</em></span> <span class='ocrx_word' id='word_1_232' title='bbox 1190 2735 1239 2792; x_wconf 87' lang='lat' dir='ltr'><em>in·-</em></span> 
     </span>
     <span class='ocr_line' id='line_1_27' title="bbox 116 2819 1239 2899; baseline -0.005 -19"><span class='ocrx_word' id='word_1_233' title='bbox 116 2819 221 2880; x_wconf 81' lang='lat' dir='ltr'><em>stitute</em></span> <span class='ocrx_word' id='word_1_234' title='bbox 247 2821 413 2882; x_wconf 79' lang='lat' dir='ltr'><em>rusiorum?</em></span> <span class='ocrx_word' id='word_1_235' title='bbox 431 2820 521 2899; x_wconf 85' lang='lat' dir='ltr'><em>Atqui</em></span> <span class='ocrx_word' id='word_1_236' title='bbox 532 2823 715 2898; x_wconf 77' lang='lat' dir='ltr'><em>Augustinus</em></span> <span class='ocrx_word' id='word_1_237' title='bbox 732 2826 774 2882; x_wconf 88' lang='lat' dir='ltr'><em>ibi</em></span> <span class='ocrx_word' id='word_1_238' title='bbox 793 2824 892 2881; x_wconf 73' lang='lat' dir='ltr'><em>stasim</em></span> <span class='ocrx_word' id='word_1_239' title='bbox 908 2820 1011 2878; x_wconf 88' lang='lat' dir='ltr'><em>subdit</em></span> <span class='ocrx_word' id='word_1_240' title='bbox 1027 2819 1180 2879; x_wconf 87' lang='lat' dir='ltr'><em>historiam</em></span> <span class='ocrx_word' id='word_1_241' title='bbox 1193 2830 1239 2875; x_wconf 84' lang='lat' dir='ltr'><em>te-</em></span> 
     </span>
     <span class='ocr_line' id='line_1_28' title="bbox 114 2901 1237 2984; baseline -0.004 -22"><span class='ocrx_word' id='word_1_242' title='bbox 114 2901 243 2962; x_wconf 82' lang='lat' dir='ltr'><em>rentisni</em></span> <span class='ocrx_word' id='word_1_243' title='bbox 265 2905 397 2964; x_wconf 84' lang='lat' dir='ltr'><em>iuuenis:</em></span> <span class='ocrx_word' id='word_1_244' title='bbox 415 2906 576 2984; x_wconf 77' lang='lat' dir='ltr'><em>hincapud</em></span> <span class='ocrx_word' id='word_1_245' title='bbox 591 2911 756 2964; x_wconf 84' lang='lat' dir='ltr'><em>Terentium</em></span> <span class='ocrx_word' id='word_1_246' title='bbox 767 2910 947 2982; x_wconf 73' lang='lat' dir='ltr'><em>stagiu&#39;osus</em></span> <span class='ocrx_word' id='word_1_247' title='bbox 962 2907 1138 2962; x_wconf 80' lang='lat' dir='ltr'><em>adrriescsns</em></span> <span class='ocrx_word' id='word_1_248' title='bbox 1156 2921 1237 2978; x_wconf 65' lang='lat' dir='ltr'><em>sper*¹</em></span> 
     </span>
     <span class='ocr_line' id='line_1_29' title="bbox 115 2985 1237 3067; baseline -0.004 -21"><span class='ocrx_word' id='word_1_249' title='bbox 115 2997 162 3046; x_wconf 90' lang='lat' dir='ltr'><em>tat</em></span> <span class='ocrx_word' id='word_1_250' title='bbox 184 2987 317 3046; x_wconf 84' lang='lat' dir='ltr'><em>tabulam</em></span> <span class='ocrx_word' id='word_1_251' title='bbox 340 2987 493 3066; x_wconf 76' lang='lat' dir='ltr'><em>primitiam</em></span> <span class='ocrx_word' id='word_1_252' title='bbox 509 2993 619 3063; x_wconf 84' lang='lat' dir='ltr'><em>pictam</em></span> <span class='ocrx_word' id='word_1_253' title='bbox 646 3001 702 3045; x_wconf 85' lang='lat' dir='ltr'><em>etc.</em></span> <span class='ocrx_word' id='word_1_254' title='bbox 722 2991 760 3045; x_wconf 91' lang='lat' dir='ltr'><em>Et</em></span> <span class='ocrx_word' id='word_1_255' title='bbox 781 2990 904 3064; x_wconf 86' lang='lat' dir='ltr'><em>quidem</em></span> <span class='ocrx_word' id='word_1_256' title='bbox 920 2988 1103 3064; x_wconf 84' lang='lat' dir='ltr'><em>Augustinus</em></span> <span class='ocrx_word' id='word_1_257' title='bbox 1126 2985 1237 3067; x_wconf 79' lang='lat' dir='ltr'><em>possim</em></span> 
     </span>
    </p>
   </div>
   <div class='ocr_carea' id='block_1_4' title="bbox 116 3067 1337 3144">
    <p class='ocr_par' dir='ltr' id='par_1_4' title="bbox 116 3067 1337 3144">
     <span class='ocr_line' id='line_1_30' title="bbox 116 3067 1337 3144; baseline -0.005 -16"><span class='ocrx_word' id='word_1_258' title='bbox 116 3089 152 3128; x_wconf 89' lang='lat' dir='ltr'><em>eo</em></span> <span class='ocrx_word' id='word_1_259' title='bbox 168 3070 299 3130; x_wconf 86' lang='lat' dir='ltr'><em>secundo</em></span> <span class='ocrx_word' id='word_1_260' title='bbox 319 3070 356 3127; x_wconf 93' lang='lat' dir='ltr'><em>de</em></span> <span class='ocrx_word' id='word_1_261' title='bbox 371 3073 404 3127; x_wconf 80' lang='lat' dir='ltr'><em>C·</em></span> <span class='ocrx_word' id='word_1_262' title='bbox 417 3072 452 3126; x_wconf 90' lang='lat' dir='ltr'><em>D.</em></span> <span class='ocrx_word' id='word_1_263' title='bbox 465 3068 548 3128; x_wconf 88' lang='lat' dir='ltr'><em>libro</em></span> <span class='ocrx_word' id='word_1_264' title='bbox 565 3083 657 3142; x_wconf 86' lang='lat' dir='ltr'><em>remp.</em></span> <span class='ocrx_word' id='word_1_265' title='bbox 667 3070 821 3128; x_wconf 83' lang='lat' dir='ltr'><em>Ciceronis</em></span> <span class='ocrx_word' id='word_1_266' title='bbox 834 3068 971 3144; x_wconf 75' lang='lat' dir='ltr'><em>expilat.</em></span> <span class='ocrx_word' id='word_1_267' title='bbox 993 3069 1135 3144; x_wconf 85' lang='lat' dir='ltr'><em>(Legesis</em></span> <span class='ocrx_word' id='word_1_268' title='bbox 1147 3067 1236 3130; x_wconf 82' lang='lat' dir='ltr'><em>etiam</em></span> <span class='ocrx_word' id='word_1_269' title='bbox 1333 3107 1337 3115; x_wconf 80' lang='grc'><strong>.</strong></span> 
     </span>
    </p>
   </div>
   <div class='ocr_carea' id='block_1_5' title="bbox 114 3149 1285 3982">
    <p class='ocr_par' dir='ltr' id='par_1_5' title="bbox 115 3149 1238 3394">
     <span class='ocr_line' id='line_1_31' title="bbox 115 3149 1237 3228; baseline -0.004 -18"><span class='ocrx_word' id='word_1_270' title='bbox 115 3153 339 3224; x_wconf 66' lang='lat' dir='ltr'><em>contemtus.)</em></span> <span class='ocrx_word' id='word_1_271' title='bbox 351 3154 412 3208; x_wconf 78' lang='lat' dir='ltr'><em>lam</em></span> <span class='ocrx_word' id='word_1_272' title='bbox 424 3165 565 3225; x_wconf 81' lang='lat' dir='ltr'><em>qusnusm</em></span> <span class='ocrx_word' id='word_1_273' title='bbox 575 3149 731 3208; x_wconf 84' lang='lat' dir='ltr'><em>Terentius</em></span> <span class='ocrx_word' id='word_1_274' title='bbox 742 3153 931 3228; x_wconf 77' lang='lat' dir='ltr'><em>Scipionum,</em></span> <span class='ocrx_word' id='word_1_275' title='bbox 943 3151 1112 3208; x_wconf 82' lang='lat' dir='ltr'><em>Laeliorum</em></span> <span class='ocrx_word' id='word_1_276' title='bbox 1123 3191 1132 3217; x_wconf 90' lang='lat'><em>‚</em></span> <span class='ocrx_word' id='word_1_277' title='bbox 1143 3149 1237 3210; x_wconf 86' lang='lat' dir='ltr'><em>immo</em></span> 
     </span>
     <span class='ocr_line' id='line_1_32' title="bbox 115 3231 1237 3308; baseline -0.001 -15"><span class='ocrx_word' id='word_1_278' title='bbox 115 3246 146 3293; x_wconf 88' lang='lat' dir='ltr'><em>ot</em></span> <span class='ocrx_word' id='word_1_279' title='bbox 167 3233 323 3292; x_wconf 82' lang='lat' dir='ltr'><em>Furiosum</em></span> <span class='ocrx_word' id='word_1_280' title='bbox 346 3232 482 3292; x_wconf 88' lang='lat' dir='ltr'><em>domibus</em></span> <span class='ocrx_word' id='word_1_281' title='bbox 501 3232 647 3290; x_wconf 86' lang='lat' dir='ltr'><em>iucundus</em></span> <span class='ocrx_word' id='word_1_282' title='bbox 664 3233 753 3296; x_wconf 80' lang='lat' dir='ltr'><em>fuerit</em></span> <span class='ocrx_word' id='word_1_283' title='bbox 772 3255 806 3292; x_wconf 82' lang='lat' dir='ltr'><em>sc</em></span> <span class='ocrx_word' id='word_1_284' title='bbox 822 3233 995 3303; x_wconf 78' lang='lat' dir='ltr'><em>familiaris,</em></span> <span class='ocrx_word' id='word_1_285' title='bbox 1020 3231 1237 3308; x_wconf 67' lang='lat' dir='ltr'><em>docel-duplex</em></span> 
     </span>
     <span class='ocr_line' id='line_1_33' title="bbox 117 3314 1238 3394; baseline -0.004 -18"><span class='ocrx_word' id='word_1_286' title='bbox 117 3317 251 3376; x_wconf 70' lang='lat' dir='ltr'><em>[ruenni</em></span> <span class='ocrx_word' id='word_1_287' title='bbox 269 3317 345 3387; x_wconf 81' lang='lat' dir='ltr'><em>uita,</em></span> <span class='ocrx_word' id='word_1_288' title='bbox 361 3315 454 3376; x_wconf 78' lang='lat' dir='ltr'><em>altere</em></span> <span class='ocrx_word' id='word_1_289' title='bbox 473 3334 548 3392; x_wconf 82' lang='lat' dir='ltr'><em>quse</em></span> <span class='ocrx_word' id='word_1_290' title='bbox 557 3314 666 3374; x_wconf 82' lang='lat' dir='ltr'><em>Donati</em></span> <span class='ocrx_word' id='word_1_291' title='bbox 679 3317 812 3374; x_wconf 86' lang='lat' dir='ltr'><em>creditur</em></span> <span class='ocrx_word' id='word_1_292' title='bbox 825 3317 935 3385; x_wconf 79' lang='lat' dir='ltr'><em>,allero</em></span> <span class='ocrx_word' id='word_1_293' title='bbox 946 3317 1018 3374; x_wconf 87' lang='lat' dir='ltr'><em>item</em></span> <span class='ocrx_word' id='word_1_294' title='bbox 1031 3319 1120 3372; x_wconf 86' lang='lat' dir='ltr'><em>uetus&#39;</em></span> <span class='ocrx_word' id='word_1_295' title='bbox 1129 3327 1158 3372; x_wconf 89' lang='lat' dir='ltr'><em>et</em></span> <span class='ocrx_word' id='word_1_296' title='bbox 1169 3335 1238 3394; x_wconf 68' lang='lat' dir='ltr'><em>pers</em></span> 
     </span>
    </p>

    <p class='ocr_par' dir='ltr' id='par_1_6' title="bbox 114 3393 1285 3982">
     <span class='ocr_line' id='line_1_34' title="bbox 114 3393 1285 3479; baseline -0.005 -19"><span class='ocrx_word' id='word_1_297' title='bbox 114 3399 405 3479; x_wconf 76' lang='lat' dir='ltr'><em>breuisumenuper</em></span> <span class='ocrx_word' id='word_1_298' title='bbox 418 3399 499 3458; x_wconf 82' lang='lat' dir='ltr'><em>editu</em></span> <span class='ocrx_word' id='word_1_299' title='bbox 510 3397 689 3458; x_wconf 81' lang='lat' dir='ltr'><em>lledioleni.</em></span> <span class='ocrx_word' id='word_1_300' title='bbox 709 3404 927 3477; x_wconf 79' lang='lat' dir='ltr'><em>Praeterquam</em></span> <span class='ocrx_word' id='word_1_301' title='bbox 943 3401 1024 3478; x_wconf 83' lang='lat' dir='ltr'><em>quod</em></span> <span class='ocrx_word' id='word_1_302' title='bbox 1041 3400 1104 3479; x_wconf 87' lang='lat' dir='ltr'><em>ipse</em></span> <span class='ocrx_word' id='word_1_303' title='bbox 1114 3397 1237 3456; x_wconf 82' lang='lat' dir='ltr'><em>Laelios</em></span> <span class='ocrx_word' id='word_1_304' title='bbox 1280 3393 1285 3404; x_wconf 85' lang='lat'>&#39;</span> 
     </span>
     <span class='ocr_line' id='line_1_35' title="bbox 117 3481 1235 3562; baseline -0.003 -21"><span class='ocrx_word' id='word_1_305' title='bbox 117 3485 202 3562; x_wconf 81' lang='lat' dir='ltr'><em>apud</em></span> <span class='ocrx_word' id='word_1_306' title='bbox 211 3485 272 3543; x_wconf 88' lang='lat' dir='ltr'><em>Cic.</em></span> <span class='ocrx_word' id='word_1_307' title='bbox 282 3483 320 3542; x_wconf 88' lang='lat' dir='ltr'><em>de</em></span> <span class='ocrx_word' id='word_1_308' title='bbox 330 3504 469 3544; x_wconf 76' lang='lat' dir='ltr'><em>cmxxiv</em></span> <span class='ocrx_word' id='word_1_309' title='bbox 482 3482 557 3540; x_wconf 88' lang='lat' dir='ltr'><em>dicit</em></span> <span class='ocrx_word' id='word_1_310' title='bbox 573 3481 746 3542; x_wconf 86' lang='lat' dir='ltr'><em>Terentium</em></span> <span class='ocrx_word' id='word_1_311' title='bbox 764 3485 946 3544; x_wconf 78' lang='lat' dir='ltr'><em>familiarem</em></span> <span class='ocrx_word' id='word_1_312' title='bbox 956 3505 1059 3542; x_wconf 80' lang='lat' dir='ltr'><em>suum.</em></span> <span class='ocrx_word' id='word_1_313' title='bbox 1074 3481 1163 3555; x_wconf 88' lang='lat' dir='ltr'><em>Quod</em></span> <span class='ocrx_word' id='word_1_314' title='bbox 1180 3501 1235 3538; x_wconf 78' lang='lat' dir='ltr'><em>ue-</em></span> 
     </span>
     <span class='ocr_line' id='line_1_36' title="bbox 115 3564 1235 3648; baseline -0.004 -22"><span class='ocrx_word' id='word_1_315' title='bbox 115 3583 151 3626; x_wconf 88' lang='lat' dir='ltr'><em>ro</em></span> <span class='ocrx_word' id='word_1_316' title='bbox 165 3568 206 3624; x_wconf 86' lang='lat' dir='ltr'><em>sit</em></span> <span class='ocrx_word' id='word_1_317' title='bbox 217 3567 446 3627; x_wconf 81' lang='lat' dir='ltr'><em>saresberiensis</em></span> <span class='ocrx_word' id='word_1_318' title='bbox 454 3572 582 3626; x_wconf 85' lang='lat' dir='ltr'><em>comicus</em></span> <span class='ocrx_word' id='word_1_319' title='bbox 599 3572 652 3645; x_wconf 86' lang='lat' dir='ltr'><em>qui</em></span> <span class='ocrx_word' id='word_1_320' title='bbox 667 3587 742 3645; x_wconf 83' lang='lat' dir='ltr'><em>prae</em></span> <span class='ocrx_word' id='word_1_321' title='bbox 756 3573 861 3628; x_wconf 86' lang='lat' dir='ltr'><em>ceteris</em></span> <span class='ocrx_word' id='word_1_322' title='bbox 875 3574 972 3648; x_wconf 77' lang='lat' dir='ltr'><em>piacet</em></span> <span class='ocrx_word' id='word_1_323' title='bbox 982 3595 990 3638; x_wconf 76' lang='lat'>3</span> <span class='ocrx_word' id='word_1_324' title='bbox 1002 3567 1036 3625; x_wconf 88' lang='lat' dir='ltr'><em>id</em></span> <span class='ocrx_word' id='word_1_325' title='bbox 1047 3564 1200 3625; x_wconf 87' lang='lat' dir='ltr'><em>commode</em></span> <span class='ocrx_word' id='word_1_326' title='bbox 1217 3586 1235 3622; x_wconf 80' lang='lat' dir='ltr'><em>s</em></span> 
     </span>
     <span class='ocr_line' id='line_1_37' title="bbox 116 3647 1236 3728; baseline -0.004 -20"><span class='ocrx_word' id='word_1_327' title='bbox 116 3651 257 3728; x_wconf 83' lang='lat' dir='ltr'><em>Scipione</em></span> <span class='ocrx_word' id='word_1_328' title='bbox 274 3671 366 3728; x_wconf 85' lang='lat' dir='ltr'><em>seque</em></span> <span class='ocrx_word' id='word_1_329' title='bbox 384 3671 419 3710; x_wconf 86' lang='lat' dir='ltr'><em>ec</em></span> <span class='ocrx_word' id='word_1_330' title='bbox 434 3647 536 3710; x_wconf 80' lang='lat' dir='ltr'><em>Laelio</em></span> <span class='ocrx_word' id='word_1_331' title='bbox 555 3649 669 3708; x_wconf 86' lang='lat' dir='ltr'><em>dietum</em></span> <span class='ocrx_word' id='word_1_332' title='bbox 686 3651 797 3723; x_wconf 81' lang='lat' dir='ltr'><em>luerit,</em></span> <span class='ocrx_word' id='word_1_333' title='bbox 819 3651 886 3728; x_wconf 81' lang='lat' dir='ltr'><em>quia</em></span> <span class='ocrx_word' id='word_1_334' title='bbox 904 3653 1017 3712; x_wconf 82' lang='lat' dir='ltr'><em>scilieet</em></span> <span class='ocrx_word' id='word_1_335' title='bbox 1031 3648 1168 3710; x_wconf 72' lang='lat' dir='ltr'><em>ueremii</em></span> <span class='ocrx_word' id='word_1_336' title='bbox 1185 3647 1236 3705; x_wconf 78' lang='lat' dir='ltr'><em>ls-</em></span> 
     </span>
     <span class='ocr_line' id='line_1_38' title="bbox 114 3732 1237 3812; baseline -0.004 -20"><span class='ocrx_word' id='word_1_337' title='bbox 114 3732 205 3792; x_wconf 82' lang='lat' dir='ltr'><em>bulse</em></span> <span class='ocrx_word' id='word_1_338' title='bbox 231 3734 269 3793; x_wconf 81' lang='lat' dir='ltr'><em>sb</em></span> <span class='ocrx_word' id='word_1_339' title='bbox 294 3747 421 3812; x_wconf 87' lang='lat' dir='ltr'><em>utroque</em></span> <span class='ocrx_word' id='word_1_340' title='bbox 455 3733 677 3812; x_wconf 80' lang='lat' dir='ltr'><em>praedictorum</em></span> <span class='ocrx_word' id='word_1_341' title='bbox 702 3737 888 3812; x_wconf 82' lang='lat' dir='ltr'><em>putabantur</em></span> <span class='ocrx_word' id='word_1_342' title='bbox 908 3737 1017 3795; x_wconf 87' lang='lat' dir='ltr'><em>scribi.</em></span> <span class='ocrx_word' id='word_1_343' title='bbox 1036 3737 1098 3794; x_wconf 85' lang='lat' dir='ltr'><em>Ci&#39;c.</em></span> <span class='ocrx_word' id='word_1_344' title='bbox 1114 3734 1153 3791; x_wconf 80' lang='lat' dir='ltr'><em>sd</em></span> <span class='ocrx_word' id='word_1_345' title='bbox 1170 3732 1237 3788; x_wconf 78' lang='lat' dir='ltr'><em>Au:</em></span> 
     </span>
     <span class='ocr_line' id='line_1_39' title="bbox 116 3815 1240 3896; baseline -0.006 -20"><span class='ocrx_word' id='word_1_346' title='bbox 116 3835 177 3876; x_wconf 82' lang='lat' dir='ltr'><em>vn.</em></span> <span class='ocrx_word' id='word_1_347' title='bbox 190 3819 219 3889; x_wconf 61' lang='grc' dir='ltr'><em>ὅς</em></span> <span class='ocrx_word' id='word_1_348' title='bbox 231 3818 435 3892; x_wconf 75' lang='lat' dir='ltr'><em>Quintilium.</em></span> <span class='ocrx_word' id='word_1_349' title='bbox 450 3840 479 3875; x_wconf 86' lang='lat' dir='ltr'><em>x.</em></span> <span class='ocrx_word' id='word_1_350' title='bbox 494 3817 782 3890; x_wconf 73' lang='lat' dir='ltr'><em>13Donet.uit.&#39;l‘&#39;cr.</em></span> <span class='ocrx_word' id='word_1_351' title='bbox 804 3820 883 3892; x_wconf 85' lang='lat' dir='ltr'><em>Quin</em></span> <span class='ocrx_word' id='word_1_352' title='bbox 903 3822 978 3880; x_wconf 78' lang='lat' dir='ltr'><em>odeo</em></span> <span class='ocrx_word' id='word_1_353' title='bbox 996 3821 1063 3896; x_wconf 83' lang='lat' dir='ltr'><em>ipso</em></span> <span class='ocrx_word' id='word_1_354' title='bbox 1078 3815 1240 3875; x_wconf 73' lang='lat' dir='ltr'><em>Terentius</em></span> 
     </span>
     <span class='ocr_line' id='line_1_40' title="bbox 116 3899 1239 3982; baseline -0.004 -25"><span class='ocrx_word' id='word_1_355' title='bbox 116 3899 206 3959; x_wconf 74' lang='lat' dir='ltr'><em>sealde</em></span> <span class='ocrx_word' id='word_1_356' title='bbox 224 3902 311 3960; x_wconf 85' lang='lat' dir='ltr'><em>nobis</em></span> <span class='ocrx_word' id='word_1_357' title='bbox 325 3911 432 3961; x_wconf 78' lang='lat' dir='ltr'><em>&#39;auctor</em></span> <span class='ocrx_word' id='word_1_358' title='bbox 450 3914 493 3957; x_wconf 85' lang='lat' dir='ltr'><em>est</em></span> <span class='ocrx_word' id='word_1_359' title='bbox 502 3913 555 3971; x_wconf 85' lang='lat' dir='ltr'><em>,ut</em></span> <span class='ocrx_word' id='word_1_360' title='bbox 570 3899 626 3956; x_wconf 83' lang='lat' dir='ltr'><em>ills</em></span> <span class='ocrx_word' id='word_1_361' title='bbox 643 3899 1145 3982; x_wconf 62' lang='lat' dir='ltr'><em>nsrbs&#39;coustumiguipraeffceteris</em></span> <span class='ocrx_word' id='word_1_362' title='bbox 1159 3901 1239 3974; x_wconf 57' lang='lat' dir='ltr'><em>piae</em></span> 
     </span>
    </p>
   </div>
   <div class='ocr_carea' id='block_1_6' title="bbox 115 3979 1347 4062">
    <p class='ocr_par' dir='ltr' id='par_1_7' title="bbox 115 3979 1347 4062">
     <span class='ocr_line' id='line_1_41' title="bbox 115 3979 1347 4062; baseline -0.004 -22"><span class='ocrx_word' id='word_1_363' title='bbox 115 3997 161 4042; x_wconf 84' lang='lat' dir='ltr'><em>cet</em></span> <span class='ocrx_word' id='word_1_364' title='bbox 177 4007 193 4042; x_wconf 83' lang='lat' dir='ltr'><em>e</em></span> <span class='ocrx_word' id='word_1_365' title='bbox 210 3985 349 4062; x_wconf 86' lang='lat' dir='ltr'><em>Scipione</em></span> <span class='ocrx_word' id='word_1_366' title='bbox 366 3997 416 4042; x_wconf 84' lang='lat' dir='ltr'><em>aut</em></span> <span class='ocrx_word' id='word_1_367' title='bbox 434 4005 450 4042; x_wconf 79' lang='lat' dir='ltr'><em>e</em></span> <span class='ocrx_word' id='word_1_368' title='bbox 463 3982 570 4044; x_wconf 82' lang='lat' dir='ltr'><em>Leelio</em></span> <span class='ocrx_word' id='word_1_369' title='bbox 580 3982 661 4059; x_wconf 80' lang='lat' dir='ltr'><em>apu&#39;d</em></span> <span class='ocrx_word' id='word_1_370' title='bbox 671 3981 805 4040; x_wconf 78' lang='lat' dir='ltr'><em>&#39;l&#39;tdllum</em></span> <span class='ocrx_word' id='word_1_371' title='bbox 816 3979 896 4042; x_wconf 77' lang='lat' dir='ltr'><em>diets</em></span> <span class='ocrx_word' id='word_1_372' title='bbox 907 3985 1077 4043; x_wconf 69' lang='lat' dir='ltr'><em>credamus.</em></span> <span class='ocrx_word' id='word_1_373' title='bbox 1096 3982 1144 4040; x_wconf 87' lang='lat' dir='ltr'><em>Sic</em></span> <span class='ocrx_word' id='word_1_374' title='bbox 1154 3979 1232 4036; x_wconf 86' lang='lat' dir='ltr'><em>enim</em></span> <span class='ocrx_word' id='word_1_375' title='bbox 1342 4041 1347 4052; x_wconf 30' lang='grc' dir='ltr'>ι</span> 
     </span>
    </p>
   </div>
   <div class='ocr_carea' id='block_1_7' title="bbox 113 4066 1279 4480">
    <p class='ocr_par' dir='ltr' id='par_1_8' title="bbox 113 4066 1279 4480">
     <span class='ocr_line' id='line_1_42' title="bbox 114 4066 1239 4148; baseline -0.004 -22"><span class='ocrx_word' id='word_1_376' title='bbox 114 4068 235 4145; x_wconf 83' lang='lat' dir='ltr'><em>prolog.</em></span> <span class='ocrx_word' id='word_1_377' title='bbox 246 4069 377 4148; x_wconf 87' lang='lat' dir='ltr'><em>Adelph.</em></span> <span class='ocrx_word' id='word_1_378' title='bbox 390 4073 467 4126; x_wconf 86' lang='lat' dir='ltr'><em>Nam</em></span> <span class='ocrx_word' id='word_1_379' title='bbox 484 4067 565 4148; x_wconf 78' lang='lat' dir='ltr'><em>gerari</em></span> <span class='ocrx_word' id='word_1_380' title='bbox 577 4071 634 4124; x_wconf 84' lang='lat' dir='ltr'><em>issi</em></span> <span class='ocrx_word' id='word_1_381' title='bbox 642 4066 755 4126; x_wconf 78' lang='lat' dir='ltr'><em>dieunt·</em></span> <span class='ocrx_word' id='word_1_382' title='bbox 763 4071 904 4128; x_wconf 70' lang='lat' dir='ltr'><em>materiati</em></span> <span class='ocrx_word' id='word_1_383' title='bbox 913 4109 922 4137; x_wconf 88' lang='lat'><strong><em>,</em></strong></span> <span class='ocrx_word' id='word_1_384' title='bbox 933 4071 1065 4126; x_wconf 76' lang='lat' dir='ltr'><em>homines</em></span> <span class='ocrx_word' id='word_1_385' title='bbox 1081 4067 1198 4123; x_wconf 81' lang='lat' dir='ltr'><em>nobiles</em></span> <span class='ocrx_word' id='word_1_386' title='bbox 1213 4085 1239 4112; x_wconf 74' lang='grc' dir='ltr'><em>-ι</em></span> 
     </span>
     <span class='ocr_line' id='line_1_43' title="bbox 114 4149 1236 4233; baseline -0.005 -23"><span class='ocrx_word' id='word_1_387' title='bbox 114 4169 181 4212; x_wconf 85' lang='lat' dir='ltr'><em>eum</em></span> <span class='ocrx_word' id='word_1_388' title='bbox 200 4154 358 4222; x_wconf 78' lang='lat' dir='ltr'><em>adiectam,</em></span> <span class='ocrx_word' id='word_1_389' title='bbox 372 4153 558 4230; x_wconf 76' lang='lat' dir='ltr'><em>adsidueque</em></span> <span class='ocrx_word' id='word_1_390' title='bbox 571 4153 633 4206; x_wconf 81' lang='lat' dir='ltr'><em>nna</em></span> <span class='ocrx_word' id='word_1_391' title='bbox 641 4149 900 4233; x_wconf 76' lang='lat' dir='ltr'><em>scribeiee-quoal</em></span> <span class='ocrx_word' id='word_1_392' title='bbox 909 4156 960 4212; x_wconf 85' lang='lat' dir='ltr'><em>utt</em></span> <span class='ocrx_word' id='word_1_393' title='bbox 975 4151 1162 4213; x_wconf 79' lang='lat' dir='ltr'><em>maledictum</em></span> <span class='ocrx_word' id='word_1_394' title='bbox 1177 4166 1236 4204; x_wconf 79' lang='lat' dir='ltr'><em>ue-</em></span> 
     </span>
     <span class='ocr_line' id='line_1_44' title="bbox 113 4231 1238 4312; baseline -0.009 -18"><span class='ocrx_word' id='word_1_395' title='bbox 113 4235 305 4296; x_wconf 81' lang='lat' dir='ltr'><em>hemeusesse</em></span> <span class='ocrx_word' id='word_1_396' title='bbox 321 4243 513 4300; x_wconf 74' lang='lat' dir='ltr'><em>existimant,</em></span> <span class='ocrx_word' id='word_1_397' title='bbox 530 4262 550 4280; x_wconf 83' lang='lat'><em>-</em></span> <span class='ocrx_word' id='word_1_398' title='bbox 563 4251 627 4292; x_wconf 88' lang='lat' dir='ltr'><em>eam</em></span> <span class='ocrx_word' id='word_1_399' title='bbox 644 4235 763 4295; x_wconf 75' lang='lat' dir='ltr'><em>lacedem</em></span> <span class='ocrx_word' id='word_1_400' title='bbox 780 4235 830 4296; x_wconf 80' lang='lat' dir='ltr'><em>bic</em></span> <span class='ocrx_word' id='word_1_401' title='bbox 846 4239 930 4295; x_wconf 77' lang='lat' dir='ltr'><em>discit</em></span> <span class='ocrx_word' id='word_1_402' title='bbox 947 4231 1238 4312; x_wconf 57' lang='lat' dir='ltr'><em>maximamsquumt</em></span> 
     </span>
     <span class='ocr_line' id='line_1_45' title="bbox 115 4317 1279 4398; baseline -0.003 -22"><span class='ocrx_word' id='word_1_403' title='bbox 115 4336 194 4376; x_wconf 77' lang='lat' dir='ltr'><em>souis</em></span> <span class='ocrx_word' id='word_1_404' title='bbox 214 4339 349 4388; x_wconf 74' lang='lat' dir='ltr'><em>roscen,</em></span> <span class='ocrx_word' id='word_1_405' title='bbox 371 4325 458 4396; x_wconf 81' lang='lat' dir='ltr'><em>-qui</em></span> <span class='ocrx_word' id='word_1_406' title='bbox 475 4317 561 4374; x_wconf 77' lang='lat' dir='ltr'><em>scabis</em></span> <span class='ocrx_word' id='word_1_407' title='bbox 579 4323 731 4376; x_wconf 61' lang='lat' dir='ltr'><em>sinitensis</em></span> <span class='ocrx_word' id='word_1_408' title='bbox 747 4331 777 4377; x_wconf 85' lang='lat' dir='ltr'><em>et</em></span> <span class='ocrx_word' id='word_1_409' title='bbox 788 4323 901 4398; x_wconf 78' lang='lat' dir='ltr'><em>poprelo</em></span> <span class='ocrx_word' id='word_1_410' title='bbox 922 4325 1044 4398; x_wconf 80' lang='lat' dir='ltr'><em>placant</em></span> <span class='ocrx_word' id='word_1_411' title='bbox 1070 4329 1126 4374; x_wconf 89' lang='lat' dir='ltr'><em>etc.</em></span> <span class='ocrx_word' id='word_1_412' title='bbox 1153 4317 1229 4374; x_wconf 68' lang='lat' dir='ltr'><em>sine</em></span> <span class='ocrx_word' id='word_1_413' title='bbox 1276 4385 1279 4398; x_wconf 28' lang='grc' dir='ltr'>ἱ</span> 
     </span>
     <span class='ocr_line' id='line_1_46' title="bbox 113 4397 1235 4480; baseline -0.004 -24"><span class='ocrx_word' id='word_1_414' title='bbox 113 4400 247 4458; x_wconf 76' lang='lat' dir='ltr'><em>homines</em></span> <span class='ocrx_word' id='word_1_415' title='bbox 263 4407 314 4460; x_wconf 83' lang='lat' dir='ltr'><em>illi</em></span> <span class='ocrx_word' id='word_1_416' title='bbox 331 4403 446 4460; x_wconf 83' lang='lat' dir='ltr'><em>nobiles</em></span> <span class='ocrx_word' id='word_1_417' title='bbox 464 4397 563 4480; x_wconf 86' lang='lat' dir='ltr'><em>Scipio</em></span> <span class='ocrx_word' id='word_1_418' title='bbox 580 4411 610 4456; x_wconf 90' lang='lat' dir='ltr'><em>et</em></span> <span class='ocrx_word' id='word_1_419' title='bbox 626 4400 744 4460; x_wconf 72' lang='lat' dir='ltr'><em>Laelius</em></span> <span class='ocrx_word' id='word_1_420' title='bbox 762 4414 791 4460; x_wconf 88' lang='lat' dir='ltr'><em>et</em></span> <span class='ocrx_word' id='word_1_421' title='bbox 807 4401 914 4459; x_wconf 86' lang='lat' dir='ltr'><em>Furius</em></span> <span class='ocrx_word' id='word_1_422' title='bbox 926 4416 993 4461; x_wconf 88' lang='lat' dir='ltr'><em>sunt</em></span> <span class='ocrx_word' id='word_1_423' title='bbox 1004 4445 1012 4471; x_wconf 89' lang='lat'><strong>,</strong></span> <span class='ocrx_word' id='word_1_424' title='bbox 1025 4413 1096 4459; x_wconf 78' lang='lat' dir='ltr'><em>teste</em></span> <span class='ocrx_word' id='word_1_425' title='bbox 1112 4403 1235 4457; x_wconf 81' lang='lat' dir='ltr'><em>Donato</em></span> 
     </span>
    </p>
   </div>
   <div class='ocr_carea' id='block_1_8' title="bbox 113 4479 1241 4569">
    <p class='ocr_par' dir='ltr' id='par_1_9' title="bbox 113 4479 1241 4569">
     <span class='ocr_line' id='line_1_47' title="bbox 113 4479 1241 4569; baseline 0.004 -25"><span class='ocrx_word' id='word_1_426' title='bbox 113 4479 146 4544; x_wconf 84' lang='lat' dir='ltr'><em>ia</em></span> <span class='ocrx_word' id='word_1_427' title='bbox 165 4483 374 4546; x_wconf 76' lang='lat' dir='ltr'><em>commentario</em></span> <span class='ocrx_word' id='word_1_428' title='bbox 391 4484 431 4544; x_wconf 86' lang='lat' dir='ltr'><em>sd</em></span> <span class='ocrx_word' id='word_1_429' title='bbox 446 4485 622 4566; x_wconf 82' lang='lat' dir='ltr'><em>prologum,</em></span> <span class='ocrx_word' id='word_1_430' title='bbox 640 4483 750 4566; x_wconf 79' lang='lat' dir='ltr'><em>quibus</em></span> <span class='ocrx_word' id='word_1_431' title='bbox 768 4505 799 4552; x_wconf 83' lang='lat' dir='ltr'><em>sc</em></span> <span class='ocrx_word' id='word_1_432' title='bbox 815 4483 935 4567; x_wconf 75' lang='lat' dir='ltr'><em>plaeere</em></span> <span class='ocrx_word' id='word_1_433' title='bbox 951 4487 1061 4569; x_wconf 78' lang='lat' dir='ltr'><em>gaudet</em></span> <span class='ocrx_word' id='word_1_434' title='bbox 1082 4485 1241 4552; x_wconf 71' lang='lat' dir='ltr'><em>comicus.</em></span> 
     </span>
    </p>
   </div>
   <div class='ocr_carea' id='block_1_9' title="bbox 0 0 1648 5658">
    <p class='ocr_par' dir='ltr' id='par_1_10' title="bbox 0 0 1648 5658">
     <span class='ocr_line' id='line_1_48' title="bbox 0 0 1648 5658; baseline 0 3"><span class='ocrx_word' id='word_1_435' title='bbox 0 0 1648 5658; x_wconf 95' lang='lat' dir='ltr'><em> </em></span> 
     </span>
    </p>
   </div>
  </div>
 </body>
</html>
