3286 5658
495 541 519 601 n
547 539 562 600 r
586 541 661 602 an
684 542 714 602 a
756 537 843 600 1111.
1131 512 1223 602 285

152 687 158 700 ·
188 651 299 732 VIII.
327 654 753 751 tentamentum
771 651 925 747 solum,
954 651 1019 728 sed
1035 643 1236 730 uerborum

114 778 226 874 etiam
253 778 497 878 elegantium.
524 779 563 850 Si
586 779 754 876 iungant,
782 776 904 875 inquit
922 779 969 846 (¹)
991 829 1010 858 .,
1028 773 1235 850 Beniuolo-

112 921 198 972 rum
222 897 476 994 concertatio,
502 924 578 973 non
593 896 640 971 lis
656 897 926 991 inimicorum,
946 896 1106 996 iurgium
1127 895 1227 968 dici·
1294 929 1297 938 ·

116 1026 258 1094 turta).
285 1022 338 1098 Et
353 1027 588 1124 insequenti
607 1052 617 1090 ε
640 1011 917 1118 Iurgare'igitur
933 1015 993 1102 lex
1015 1031 1124 1126 putat
1145 1015 1239 1089 inter

117 1163 156 1214 se
169 1139 313 1212 uicinos
329 1195 342 1234 ‚
358 1165 435 1213 non
449 1138 614 1237 litigare.
633 1143 789 1216 Nonius
804 1164 892 1214 uoc.
905 1143 1094 1239 iurgium.

191 1260 356 1334 Eosdem
373 1261 552 1334 temninos
571 1260 770 1334 hominum
795 1281 902 1332 curae
918 1271 1027 1358 atque
1043 1255 1165 1350 uitae,
1185 1254 1240 1330 sic
1353 1267 1357 1274 '

115 1379 314 1478 pontificio
328 1382 406 1456 iure
425 1379 639 1458 sanctitudo
666 1377 874 1483 sepulturae
887 1376 959 1452 (l).
981 1379 1137 1456 Nonius
1151 1404 1241 1456 uoc.

117 1507 363 1581 sanctitudo.

131 1701 136 1710 ,
194 1625 307 1728 Quod
323 1627 527 1730 insepultos
544 1627 783 1731 reliquissent
798 1653 862 1702 eos
877 1682 888 1721 ‚
902 1651 1029 1728 quase
1042 1623 1136 1702 mari
1153 1650 1243 1728 pro-

118 1761 203 1851 pter
224 1751 302 1824 uim
322 1753 550 1853 tempestatis
574 1754 749 1855 excipere
767 1775 845 1826 non
868 1751 1099 1852 potuissent,
1128 1751 1242 1824 inno-

123 1883 245 1972 centes
261 1875 471 1950 necauerint
487 1879 558 1948 (2).
576 1877 685 1952 Idem
702 1903 792 1952 uoc.
809 1880 1017 1977 excipere.

78 2071 84 2081 ,
139 1965 142 2061 f
197 1991 276 2072 Nec
292 1997 331 2070 in
346 1997 416 2072 hac
440 1993 665 2073 dissensione
684 1996 831 2096 suscepi
865 1991 1000 2097 popidi
1019 2017 1166 2067 causam
1184 1989 1248 2068 sed

121 2113 312 2190 bonorum
328 2173 336 2188 .
354 2117 510 2194 Nonius
526 2117 575 2192 de
592 2118 695 2194 doct.
712 2120 841 2218 indag.

133 2305 141 2316 ·
167 2257 215 2342 (a)⁴
236 2270 315 2331 Hinc
331 2274 440 2330 Seneca
459 2269 490 2328 iu
508 2271 677 2348 fragmento
695 2251 831 2350 palatino
842 2237 1019 2350 rsamlllare
1034 2276 1166 2348 istrgr'um
1183 2287 1245 2330 nott

125 2353 256 2413 issdieem
274 2356 328 2414 sad
344 2356 491 2414 arbitrum
509 2361 643 2435 qrtamit.
674 2355 719 2428 (b)
741 2358 863 2414 Hancet
877 2367 1046 2432 sequentem
1063 2353 1246 2433 particulam

128 2433 170 2492 ale
179 2434 331 2512 sepultura
342 2457 393 2496 seu
409 2439 446 2496 de
457 2439 521 2495 iure
533 2437 661 2496 manium
673 2438 742 2498 heic
752 2437 883 2507 colloco,
897 2438 1035 2514 moniam
1045 2437 1203 2518 Dionysius
1213 2435 1246 2492 in
1360 2435 1362 2440 '

127 2517 324 2578 ambrosianis
340 2521 514 2598 fragmentis
531 2542 583 2578 xa.
601 2521 620 2580 3
640 2519 728 2580 docet
746 2541 818 2590 nos,
840 2519 918 2577 hanc
934 2520 1024 2577 etiam
1043 2539 1141 2579 curam
1155 2519 1246 2577 luisse

125 2601 242 2658 tomani
255 2606 399 2672 censoris,
417 2605 521 2680 nequis
530 2601 703 2662 iniuriamne
713 2601 1037 2662 traditssamaiuribus
1054 2602 1249 2663 caerimonias

130 2681 282 2744 desereret
294 2719 305 2741 .·
324 2691 474 2759 Quaenam
485 2700 582 2745 autem
595 2685 683 2744 huius
706 2681 805 2744 mutili
814 2685 874 2745 loci
890 2685 1034 2746 sententia
1046 2691 1109 2745 esti
1133 2686 1250 2763 Utique

129 2766 236 2826 Cicero
248 2779 319 2830 tusc.
331 2772 394 2829 Ina
407 2790 525 2830 excessu
542 2770 620 2828 uitae
630 2789 688 2827 non
706 2769 799 2827 deleri
810 2764 973 2840 hominem,
984 2769 1169 2848 epontilicio
1179 2769 1253 2849 iure!

130 2861 161 2906 at
172 2850 356 2910 caerimoniis
373 2854 598 2930 sepulchrorum
610 2853 739 2929 intelligi
752 2853 810 2909 ait.
831 2855 906 2912 Sane
917 2855 942 2910 is
954 2853 1101 2910 Tulliolae
1111 2871 1179 2911 suae
1187 2851 1258 2910 mi*

127 2931 171 2990 ris
190 2933 286 2992 modis
302 2938 488 3010 pareutauit.
509 2935 676 2994 funebrem
694 2949 792 2992 autem
817 2933 1020 2994 laudationem
1039 2935 1187 3014 quandam
1207 2933 1246 2992 ab

129 3013 168 3074 tis
182 3019 338 3096 praeteriri
353 3019 445 3074 miror
464 3017 514 3094 qui
532 3017 684 3076 Ciceronis
701 3017 811 3093 scripta
829 3030 1020 3089 enumerant,
1049 3019 1088 3076 de
1104 3037 1162 3096 qua
1181 3015 1247 3096 ipse

135 3113 244 3160 auctor
261 3097 300 3156 ad
320 3103 364 3170 ·Q·
376 3101 411 3156 lr.
425 3101 479 3157 lll.
492 3099 650 3158 &Serrani
667 3103 830 3158 Domestica·
834 3103 904 3172 fils's'
907 3105 1012 3179 suentes
1025 3106 1249 3178 perluctuosum

124 3185 201 3264 suit
215 3203 242 3240 a.
253 3181 284 3238 d.
297 3183 417 3240 nadal.
427 3180 567 3250 decemb-3
578 3183 720 3240 lartdauit
732 3195 820 3260 pater
839 3189 949 3261 scripto
967 3203 1047 3242 uteo.
1067 3185 1161 3254 Quam
1178 3178 1249 3256 qui·-

135 3265 205 3324 dem
227 3262 430 3322 laudationem
451 3263 510 3322 hoc
531 3262 596 3340 ipso
613 3283 709 3332 anno,
726 3283 785 3338 quo
801 3263 950 3324 scribebat
972 3265 1010 3322 de
1027 3285 1089 3342 rep.
1114 3263 1249 3330 Tullius,

135 3343 271 3408 habitam
290 3367 446 3424 cognosces
455 3389 465 3418 ,
483 3347 507 3408 si
523 3343 715 3426 epistularum
728 3345 951 3428 chronologiam
961 3349 1043 3428 apud
1053 3345 1249 3407 Wielandum

136 3445 189 3491 aut
206 3425 375 3491 Schtttziusu
394 3427 594 3490 consulueris.

136 3569 261 3650 sidonii
284 3571 426 3638 uerbis.
458 3567 562 3660 Apud
585 3567 672 3640 Plu·
717 3589 791 3640 sent
808 3569 1256 3666 naulmgorumcadauera.¹

137 3659 295 3728 teuchum
307 3661 350 3730 de
363 3683 433 3730 san.
447 3663 563 3732 tuend.
579 3679 604 3730 t.
616 3683 670 3734 vt.
718 3659 873 3756 Xenopb.
900 3665 978 3732 hist.
998 3668 1026 3732 1.
1047 3663 1251 3732 inferiarum

138 3751 243 3845 plyss
257 3753 460 3822 seditionum
476 3779 545 3822 non
563 3757 670 3824 mini·-
715 3773 828 3824 autern
850 3755 982 3848 politici
1006 3781 1112 3848 prope
1135 3779 1251 3823 omnes

141 3868 232 3914 mam
245 3869 379 3914 causam
396 3867 466 3912 esse
479 3843 598 3914 luxum
616 3849 670 3915 ni-
715 3869 794 3938 prae
807 3846 841 3914 s'e
855 3873 972 3916 curam
985 3847 1139 3916 tulerunt
1153 3897 1161 3914 .
1177 3847 1254 3912 Nu·

142 3939 296 4028 uniusque
309 3953 463 4026 sumptus
474 3937 573 4006 docet
584 3937 674 4006 Cra·
720 3935 918 4029 maelegum
928 3941 970 4008 de
979 3937 1155 4006 funeribus
1164 3959 1254 4004 men·

141 4048 190 4100 tes
205 4079 212 4098 .
720 4032 768 4098 tio
788 4030 877 4120 apud
889 4029 998 4096 Liu.I.
1013 4055 1068 4100 no.
1082 4026 1255 4096 Tabulam

142 4179 150 4188 .
188 4119 242 4212 (t)
267 4123 338 4188 Lex
365 4141 437 4191 ιιι.
456 4113 673 4191 tabularum.
721 4123 889 4192 decimam
909 4119 1065 4188 habuisse
1089 4122 1164 4188 iura
1196 4119 1263 4188 se-'

177 4211 243 4308 (a)
269 4214 361 4284 Dicit
378 4211 585 4282 athenienses
607 4214 675 4282 du·
719 4213 912 4308 pulturae‚e
922 4209 1115 4305 fragmentis
1128 4235 1168 4280 co
1215 4237 1255 4280 o·

144 4331 200 4379 ces
230 4301 417 4374 crudeliter
433 4321 569 4372 necatos
599 4328 680 4414 pro·
725 4309 890 4414 acimum·
904 4303 1071 4398 Polybius
1097 4324 1151 4413 vt.
1164 4237 1256 4375 (lull.

144 4396 680 4585 li'i‘sgliffapiiipiiilili
723 4396 1154 4586 littltllsslllltll
1156 4419 1256 4586 {ll-1
