3286 5658
405 482 495 586 284
753 505 815 580 ns
842 506 908 566 nn
943 504 1171 574 stante-a

403 653 441 700 se
457 623 724 731 parsimoniam
744 631 817 696 (ι).
844 624 999 700 Nonius
1016 648 1103 700 uoca
1115 625 1348 725 portitores.
1371 619 1430 694 Io.
1444 645 1515 694 sa·
1632 682 1635 691 .

399 751 644 826 resberiensis
658 751 840 849 polierut.
857 747 938 820 III.
964 771 1022 819 12.

472 873 581 948 Fides
592 871 692 946 enim
703 895 839 944 nomeu
854 868 978 970 ipsum
996 867 1090 941 milri
1103 865 1248 943 uidetur
1257 865 1412 962 habere,
1428 891 1519 952 eum

401 996 445 1070 fit
463 993 566 1097 quod
583 992 719 1066 dicitur
730 991 777 1059 (a)
788 1017 804 1062 .·
814 990 967 1066 Nonius
983 1015 1069 1065 uos.
1072 992 1179 1086 fidei
1194 1045 1204 1061 .
1485 973 1507 1024 Ἰ

475 1119 519 1190 In
546 1115 626 1188 ciue
653 1113 800 1190 excelso
827 1125 935 1212 atque
953 1109 1237 1208 hominenobili
1265 1109 1517 1208 nundinam,

400 1237 709 1333 ostentationem,
738 1233 981 1310 ambitionem
1006 1247 1134 1308 notam
1157 1232 1202 1308 (l)
1232 1259 1311 1308 esse
1332 1231 1521 1308 leuitatis.

312 1455 314 1460 ,
401 1366 556 1446 Nonius
572 1390 658 1442 uoc.
675 1364 976 1442 blandimentum
992 1417 1002 1434 ·
1113 1435 1118 1444 ,

477 1485 621 1558 Intuere
637 1482 830 1584 paululum
845 1486 952 1586 ipsos
969 1483 1014 1558 de
1031 1511 1070 1558 re
1093 1481 1243 1585 publica
1260 1479 1398 1579 libret,
1417 1483 1524 1585 quod

405 1603 528 1682 nullus
546 1606 594 1680 sit
612 1606 750 1706 patriae
770 1604 987 1680 consulendi
1003 1604 1140 1680 modus
1157 1619 1221 1678 aut
1237 1605 1319 1680 finis
1339 1603 1449 1680 honis
1462 1609 1525 1678 (c).

406 1728 521 1800 Cerne
538 1725 681 1826 quantis
701 1726 754 1800 ibi
773 1725 943 1800 laudibus
964 1725 1149 1824 frugalitas
1175 1739 1214 1798 et
1228 1724 1450 1802 continentia
1472 1725 1528 1796 (d)

406 1845 661 1946 praedicetur,
695 1858 732 1918 et
747 1871 829 1944 erga
845 1843 1031 1945 coniugale
1047 1841 1244 1931 uinculum¹
1265 1843 1354 1918 fides
1368 1897 1381 1938 ,
1412 1843 1527 1920 casti·

407 1991 501 2066 que,
526 1965 669 2040 honesti
684 1991 728 2040 ac
744 1965 856 2066 probi
872 1991 1014 2041 mores.
1029 1963 1272 2068 Augustinus
1282 1965 1528 2068 epistates-3.

450 2127 496 2192 (a)
517 2119 637 2195 Repetit
647 2117 725 2177 hanc
737 2120 909 2178 sententiam
921 2119 1091 2200 Cie.0il'.l.7.
1114 2115 1160 2194 (di
1179 2118 1349 2180 TresNonii
1360 2117 1525 2190 editioneS,

409 2221 481 2280 quas
493 2203 554 2260 uidi
566 2246 575 2272 ‚
587 2201 716 2279 itemque
728 2205 820 2262 codex
830 2221 907 2262 unus
914 2204 1066 2264 uaticanus
1079 2209 1169 2272 (nam
1179 2203 1210 2260 in
1221 2201 1324 2262 ceteris
1341 2203 1418 2261 nihil
1437 2202 1526 2261 inue-

409 2285 526 2346 niebam
537 2284 669 2358 >habent
685 2307 776 2346 meam
793 2307 848 2363 pro
859 2299 980 2346 notam.
1001 2283 1138 2360 Sigonius
1148 2285 1296 2348 stribebat
1308 2291 1444 2346 niarium.
1464 2284 1528 2344 Sed

409 2381 507 2427 tamen
523 2369 554 2425 in
570 2369 702 2444 margine
711 2365 912 2446 plantinianae
922 2368 1059 2428 editionis
1069 2367 1144 2426 haee
1153 2369 1231 2447 typis
1242 2367 1361 2428 cuditur
1370 2367 1527 2429 coniectu-

410 2471 461 2508 ra:
480 2464 580 2510 notata
600 2459 678 2527 (pro
688 2460 801 2523 meum)
817 2459 902 2529 lego,
921 2459 982 2512 nisi
992 2457 1089 2512 mareis
1098 2455 1208 2524 scribi,
1225 2471 1406 2512 metantes-re
1417 2454 1527 2511 detritu⁴

410 2547 483 2594 tem.
509 2541 551 2604 (e)
573 2535 618 2590 ltu
643 2533 761 2609 legebat
778 2537 808 2592 in
835 2537 976 2594 Cicerone
993 2535 1081 2592 etiam
1098 2535 1252 2594 Noctuine
1270 2537 1310 2594 ad
1327 2535 1403 2614 Aug.
1413 2555 1460 2614 ep.
1473 2553 1529 2592 xe.

439 2621 487 2691 (d)
502 2613 865 2693 Generatimrlugustinus
874 2637 926 2674 nos
940 2617 1028 2676 docet
1037 2616 1140 2676 laudes
1149 2617 1327 2696 frugalitatis
1337 2631 1364 2676 et
1373 2617 1529 2677 eontinen-

412 2702 480 2772 tiae,
492 2719 565 2777 quae
577 2695 607 2756 in
616 2695 746 2774 politicis
757 2699 843 2758 libris
854 2691 993 2758 recitatae
1003 2700 1118 2758 luerunt
1133 2728 1140 2760 r
1152 2702 1291 2762 sedenim
1302 2701 1373 2779 quid
1383 2697 1530 2778 speciali-

413 2797 460 2844 ter
470 2779 581 2844 diotum
593 2781 702 2848 luerit,
720 2783 768 2840 uix
779 2783 883 2840 dubito
896 2783 966 2860 quin
978 2775 1075 2840 tradat
1086 2779 1190 2844 Cicero
1201 2782 1329 2844 offiltar
1341 2827 1351 2856 ‚
1368 2781 1419 2842 uhi
1431 2783 1531 2842 dilau-

414 2867 467 2926 dat
476 2861 609 2927 Africani
619 2908 627 2934 ‚
638 2867 788 2943 patrisque
799 2866 897 2936 Pauli,
907 2865 1112 2924 abstinentiam
1123 2867 1154 2924 in
1165 2881 1209 2926 tot
1217 2863 1364 2944 tantisque
1373 2865 1529 2936 uictoriis;

413 2951 541 3030 itemque
570 2947 703 3007 Mummii
723 2946 834 3008 aclralei
856 2949 962 3009 fratris
984 2949 1045 3008 eius
1063 2950 1113 3030 qui
1130 2945 1176 3010 his
1195 2949 1321 3030 dialogis
1335 2951 1477 3010 interest.

413 3085 526 3154 Tullii
546 3082 581 3148 in
599 3081 683 3174 stag.
704 3099 787 3150 orat.
808 3085 850 3152 de
868 3097 951 3176 rege·
993 3087 1096 3152 matio
1109 3087 1145 3153 in
1158 3083 1277 3154 luxum
1297 3102 1455 3152 constate
1469 3082 1530 3152 ln-

415 3179 500 3246 alex.
515 3177 578 3245 111.
598 3200 624 3240 r.
641 3178 859 3265 Quamquam
871 3176 949 3244 heis
994 3177 1126 3246 eilianis
1157 3177 1311 3246 uersibus
1339 3179 1431 3266 apud
1450 3177 1527 3245 Cic.

414 3271 554 3340 sortasse
579 3267 689 3358 agitur
713 3267 755 3334 de
779 3265 947 3334 locatione
993 3269 1052 3336 lin.
1067 3271 1113 3336 ΙΙ.
1127 3274 1161 3340 8.
1177 3272 1282 3363 Leges
1295 3272 1535 3346 Romanorum
1642 3266 1643 3271 ¹

416 3362 566 3432 censoria
580 3374 765 3430 terrarum.
780 3357 947 3448 Namque,
994 3364 1220 3450 sumptuariae
1256 3379 1473 3428 recensentur
1510 3385 1532 3426 a

417 3473 457 3522 ut
475 3457 522 3520 ait
539 3448 762 3542 Symmachus
781 3473 831 3538 ep·
852 3451 879 3516 Ι.
899 3476 952 3532 ra,
998 3453 1173 3520 Macrobio
1192 3471 1252 3521 sat.
1265 3455 1308 3520 ll.
1341 3455 1392 3520 13.
1416 3451 1534 3521 Athe-

415 3569 594 3615 eeusorum
613 3547 709 3608 notio
719 3545 799 3630 suit
815 3559 952 3633 speeta-
997 3565 1226 3614 naeusv1.ar
1251 3560 1415 3613 memorat
1439 3547 1532 3612 inter

416 3651 455 3708 re
474 3659 581 3726 opera
599 3656 687 3724 quae
707 3635 901 3700 locassent·
997 3657 1053 3705 eos
1072 3638 1132 3726 qui
1148 3635 1259 3730 legem
1270 3637 1533 3704 lanniamsum-

465 3722 520 3819 (r)
545 3723 602 3792 Sic
620 3724 742 3789 diserte
754 3725 801 3788 ait
813 3725 951 3793 Maeee—
997 3731 1165 3817 ptuariam
1188 3731 1334 3797 studiose
1365 3727 1534 3794 obserua-

417 3843 478 3886 nas
498 3819 534 3886 iu
559 3811 698 3906 politica
725 3816 875 3884 oratione
906 3819 950 3886 od
996 3817 1535 3900 uauntsoaeuotamffuhero-

416 3909 610 4004 Augustum
622 3907 714 3996 apud
726 3909 870 3976 Diouem
881 3925 951 3978 nu:
996 3935 1093 3996 nem,
1105 3929 1138 3981 et
1152 3913 1332 3992 Rutilium,
1342 3913 1445 3980 huius
1458 3915 1538 3980 dia·

418 4003 617 4076 ili-‚Laudes
626 4000 858 4088 parsimoniae,
868 4024 950 4091 quas
996 4001 1068 4114 logi
1087 4027 1267 4094 personas.
1299 4010 1411 4091 Quare
1436 4004 1537 4074 haud

418 4095 486 4168 hoe
504 4095 581 4164 loeo
600 4093 731 4181 scripsit
760 4089 826 4158 late
846 4095 951 4162 Gice-
997 4120 1067 4164 aero
1079 4121 1123 4164 an
1132 4099 1254 4168 Cicero
1262 4121 1371 4166 unum
1380 4093 1438 4164 uel
1449 4095 1536 4185 plu-

418 4213 512 4268 ro‚a
530 4202 686 4254 ueterum
705 4185 834 4273 scriptis
853 4185 950 4250 deri·
995 4210 1049 4254 res
1067 4213 1107 4256 ex
1131 4188 1402 4258 heteraenus
1426 4189 1464 4254 in
1487 4187 1536 4256 li-

421 4281 555 4347 nnniase
569 4275 756 4344 credendus
768 4291 817 4342 est
831 4325 839 4341 .
862 4276 951 4342 Nam
995 4278 1113 4348 hrode
1127 4283 1329 4369 parsimonia
1340 4282 1536 4368 disputare.

411 4373 561 4450 ,catonis
580 4370 741 4450 aduersus
752 4365 871 4436 luxum
879 4369 952 4434 noti
997 4371 1130 4438 Ibidem
1149 4373 1342 4442 Athenaeus
1362 4373 1536 4442 Romano·

412 4473 503 4534 sunt
523 4462 675 4534 sonitus.
696 4457 805 4562 lanelii
834 4457 954 4570 deslu—
996 4467 1326 4566 rumporsinuuisn
1337 4463 1455 4536 laudat
1465 4468 1534 4536 Po·
