3314 5658
1209 565 1257 626 xl

142 672 242 726 nente
267 656 429 730 Sallustio
450 659 528 757 ως
547 663 708 735 nimirum
734 667 862 736 omissis
887 670 1033 762 antiquis
1052 669 1122 740 illis
1141 696 1267 765 perso·

118 768 219 848 uis,
239 764 337 857 loqui
355 771 426 858 ipse
451 770 504 839 vel
524 770 615 840 solus
635 819 645 856 ‚
675 771 729 842 vel
755 799 834 842 cum
859 779 1009 866 personis
1039 779 1265 871 aequalibus;

140 873 187 938 sic
206 876 299 942 enim
324 894 357 942 et
369 900 464 944 suam
482 879 667 948 consularis
680 881 825 949 hominis
844 882 1035 950 doctrinam
1046 885 1263 978 dignitatem·

139 1004 205 1070 que
232 989 463 1056 commendari
491 993 627 1060 videbat
645 1006 684 1060 et·
706 1015 820 1058 ansam
846 993 1104 1060 nanciscebatur
1121 995 1164 1062 de
1182 1015 1262 1062 suo·

138 1116 216 1160 rum
235 1112 427 1186 temporum
445 1101 596 1168 moribus
615 1092 832 1183 disserendi,
862 1104 955 1194 quod
972 1101 1048 1170 lieri
1067 1127 1138 1172 uon
1155 1113 1257 1195 pote·-
1306 1089 1319 1096 ’

136 1215 188 1268 tat
205 1204 234 1269 si
259 1207 464 1296 antiquiores
495 1230 656 1299 personae
680 1207 854 1304 dialogum
871 1211 1049 1281 lacerent.
1076 1213 1143 1282 Sed
1168 1215 1260 1280 enim

136 1308 221 1376 haec
240 1315 382 1380 varietas
401 1333 512 1384 mente
532 1315 633 1386 semel
653 1337 815 1410 concepta
838 1320 959 1388 effectu
978 1322 1108 1398 caruita
1133 1317 1259 1389 maluit

133 1419 226 1486 enim
245 1423 367 1492 Cicero
386 1449 444 1490 sua
464 1441 615 1514 tempora
633 1426 740 1492 vitare
753 1451 795 1492 ue
815 1427 982 1516 quispiam
1001 1425 1252 1494 offenderetur.

135 1528 248 1612 Quare
272 1553 335 1598 uec
355 1533 464 1599 Varro
496 1535 533 1602 in
549 1532 603 1600 his
628 1531 771 1628 dialogis
789 1533 922 1602 includi
949 1535 1092 1625 potuit,
1115 1533 1257 1624 quoda

132 1630 253 1700 Tullio
266 1637 422 1722 poscebat
433 1637 566 1707 Atticus
580 1685 590 1721 ‚
603 1641 668 1709 uisi
681 1664 760 1710 eum
776 1639 861 1710 sorte
875 1638 990 1732 aliquo
1002 1645 1038 1708 in
1051 1639 1251 1732 prohoemio

130 1742 320 1833 appellavit
339 1765 479 1832 auctor,
499 1752 592 1840 quod
616 1753 692 1818 satis
711 1754 879 1823 incertum
904 1771 976 1821 est.
999 1755 1124 1840 Quinta
1142 1753 1178 1820 in
1196 1750 1250 1818 his

128 1850 227 1922 libris
240 1857 425 1926 scribendis
438 1861 581 1928 mutatio
594 1857 659 1929 suit
676 1863 762 1928 ratio
772 1862 1050 1954 prohoemiorum
1063 1911 1071 1929 .
1091 1862 1249 1948 Namque

127 1961 172 2028 ad
192 1961 346 2032 Atticum
366 1987 421 2034 tv.
447 1970 488 2038 16
500 1969 547 2035 ait
561 1991 598 2058 ¹se
617 1968 654 2034 iu
672 1966 815 2060 siugulis
833 1965 929 2036 libris
949 1969 1001 2036 uti
1019 1966 1252 2060 prohoemiis.

126 2072 250 2165 ltaque
267 2074 323 2142 rel
341 2099 486 2158 novem,
506 2075 559 2144 vel
583 2075 703 2144 saltem
720 2101 775 2148 sex
792 2077 868 2146 fieri
887 2079 1080 2148 debuerunt
1097 2074 1249 2168 prohoe-

125 2183 217 2249 mia.
247 2185 314 2254 Sed
335 2187 425 2252 enim
443 2209 522 2284 qum
540 2183 662 2251 deinde
685 2185 782 2252 binos
798 2187 838 2268 ,in
855 2183 997 2278 singulis
1015 2185 1136 2252 diebus
1161 2207 1249 2252 con·-

125 2289 268 2360 cluserit
285 2291 390 2362 libros
409 2343 419 2377 ‚
449 2295 559 2372 tribus
575 2287 707 2362 tuntum
726 2293 933 2386 prohoemiis
952 2315 1034 2384 opus
1059 2291 1149 2373 suit,
1171 2308 1250 2360 ante

122 2401 278 2489 primum
292 2401 455 2470 'videlicet
471 2399 622 2484 librum,
642 2419 718 2470 ante
734 2402 896 2483 tertium,
915 2417 949 2469 et
968 2417 1044 2470 aute
1061 2400 1246 2494 quintum,

122 2509 206 2600 qnia
234 2512 368 2580 nonnisi
387 2511 530 2600 abrupto
550 2509 684 2603 dialogo
714 2508 812 2578 locus
830 2525 879 2578 est
902 2507 1139 2599 interponendi
1157 2530 1245 2598 pro-

120 2615 276 2685 hoemii.
298 2619 415 2710 Itaque
434 2635 467 2685 et
486 2635 552 2686 tres
570 2616 652 2686 libri
671 2619 713 2686 de
731 2615 864 2710 legibus
884 2661 894 2698 ‚
921 2617 1083 2708 quoniam
1101 2637 1170 2684 uuo
1188 2617 1244 2686 die

119 2725 313 2794 recitantur
323 2773 333 2810 ‚
345 2727 449 2792 unico
462 2742 608 2794 utuntur
624 2727 781 2794 exordio.
794 2727 880 2798 Sane
893 2727 929 2792 iu
940 2723 1101 2820 vaticanis
1115 2723 1157 2790 de
1168 2745 1242 2812 rep.

118 2836 326 2904 membranis
350 2833 438 2902 nihil
462 2851 512 2902 est
534 2835 684 2902 medium
707 2838 795 2904 inter
812 2837 963 2928 primum
981 2851 1014 2902 et
1032 2830 1178 2901 alterum
1197 2830 1244 2899 li-

119 2941 250 3025 brum,
268 2951 309 3010 'ut
328 2945 510 3012 necessaria
539 2945 626 3011 ratio
653 2943 752 3012 docet
776 2942 1007 3034 quaternionis
1033 2961 1126 3012 xttu
1147 2987 1157 3026 ‚
1177 2940 1239 3030 qui

118 3049 253 3145 integer
266 3069 427 3141 superest:
442 3070 689 3142 praeterquam
707 3052 799 3144 quod
812 3048 940 3120 ibidem
951 3050 1079 3120 librum
1090 3052 1239 3143 incipere

119 3159 193 3226 sine
213 3158 412 3250 prohoemio
437 3161 537 3226 docet
556 3157 616 3224 ille
635 3157 806 3226 sollemnis
825 3160 861 3224 in
878 3158 984 3224 initiis
1002 3155 1152 3222 defectus
1173 3152 1243 3220 ali-⁴

119 3283 205 3357 quot
217 3271 416 3333 verbosum.
430 3271 458 3332 Ε
472 3268 562 3328 tertii
575 3264 653 3326 libri
665 3263 862 3349 prohoemio
874 3275 1055 3348 supersunt
1067 3259 1103 3324 in
1114 3261 1242 3328 vatica-

118 3396 164 3442 no
179 3373 296 3440 codice
309 3373 447 3466 paginae
462 3385 549 3448 octo,
562 3371 710 3456 itemque
724 3363 951 3458 fragmentum
963 3364 1136 3454 quoddam
1148 3371 1241 3458 apud

117 3479 371 3575 Augustiuum.
394 3480 514 3566 Quinti
531 3476 613 3544 libri
631 3475 868 3568 prohoemium
879 3490 1043 3544 memorat
1061 3475 1152 3544 idem
1164 3473 1239 3546 Au·

117 3591 298 3688 gostinus,
324 3591 463 3678 eiusque
482 3585 633 3655 nobilem
651 3582 852 3675 particulam
869 3585 1011 3653 recitat.
1033 3583 1239 3654 Prohoemia

117 3691 288 3765 librorum
320 3695 452 3787 reliqua
470 3741 480 3777 ‚
505 3693 672 3785 siquidem
690 3694 814 3784 scripta
831 3689 970 3764 fuerunt
987 3739 998 3778 ‚
1018 3695 1055 3764 in
1073 3717 1113 3763 eo
1130 3692 1237 3765 volu·

118 3805 214 3872 mine
243 3803 546 3895 prohoemium,
575 3821 667 3867 nuno
690 3799 866 3890 deperdito
888 3848 898 3886 ,
918 3804 1110 3894 quaerenda
1129 3819 1238 3886 sunt,

116 3911 213 4000 quod
236 3912 358 3980 Cicero
377 3911 441 3978 sibi
459 3907 647 3978 coniecerat
671 3955 682 3991 ‚
719 3925 752 3974 et
769 3931 809 3976 ex
827 3929 896 3999 quo
925 3908 1049 4004 eligere
1078 3907 1238 3992 solebat,

117 4039 227 4105 quum
240 4013 379 4104 aliquod
398 4010 596 4108 su'msqqsa
608 4015 805 4081 instituisset
818 4011 895 4107 (ἡκ
918 4014 1181 4082 Demosthenem
1200 4016 1237 4082 in

114 4119 183 4188 hoc
196 4123 298 4188 etiam
309 4123 483 4204 imitatus,
503 4128 600 4189 cuius
618 4119 726 4188 multa
745 4120 942 4212 prohoemia
960 4137 1062 4198 sunt;
1086 4121 1235 4210 itemque

114 4227 395 4322 Theophrastum
408 4246 442 4296 et
459 4231 672 4299 Demetrium
689 4225 887 4324 phalereum
907 4223 985 4322 (3);
1004 4245 1152 4318 qnorum
1169 4249 1232 4323 pos

114 4467 119 4474 ·
163 4447 213 4514 (ι)
238 4443 316 4516 Lege
332 4441 477 4516 sd·Q·sr‚
490 4443 571 4510 truh.
746 4449 793 4522 (3)
815 4443 913 4507 Latrt.
931 4445 1002 4511 Vm.
1020 4454 1049 4504 ct
1067 4442 1095 4508 5,
1170 4475 1173 4482 ’

163 4534 215 4606 (a)
240 4523 290 4583 Ad
299 4527 362 4585 Att.
375 4547 442 4588 avt·
454 4529 483 4589 6.
1172 4561 1174 4570 ‚

862 4619 885 4674 ἡ
