3234 5658
399 427 458 512 26
733 439 795 502 ua
823 397 890 497 a'n
923 393 1155 526 r'rnrrca'

395 561 496 678 ipsis
513 580 561 649 (ι)
582 585 705 642 mane
727 551 782 638 ad
806 577 905 637 eum
927 528 1099 661 primus
1112 533 1268 625 sororis
1291 530 1410 622 iilius
1425 565 1501 622 ue-
1566 549 1567 558 ‘

395 705 460 788 nit
476 699 545 809 ·Q·
563 695 734 785 Tubero
765 715 812 782 (a)
835 709 915 794 (a),
947 713 1076 804 quem
1092 696 1190 768 eum
1207 681 1391 766 comiter
1411 679 1502 764 Sci·
1538 748 1541 754 .

394 843 469 959 pio
493 837 782 955 appellauisset
804 845 850 919 (ὂ)
874 826 1139 940 libenterque
1162 816 1371 924 uidisset3
1402 816 1503 936 quid

396 989 482 1087 tn,
522 973 674 1095 inquid
700 995 776 1078 tc),
807 992 877 1056 tan
911 985 960 1056 td)
999 993 1122 1048 mane
1157 956 1333 1045 Tubero
1359 957 1393 1044 i
1416 959 1505 1044 Da-

394 1117 498 1204 bant
523 1135 566 1202 te>
590 1116 704 1202 enim
726 1111 804 1196 hae
835 1109 964 1195 feriae
986 1099 1066 1190 tibi
1097 1121 1385 1217 opportunam
1416 1127 1506 1185 sane

156 1240 168 1258 .
208 1315 212 1328 ν
269 1328 276 1342 t
396 1259 637 1348 facultatem
678 1253 734 1342 ad
767 1248 1030 1368 explicandas
1052 1266 1142 1330 tuas
1176 1243 1367 1328 litteras.
1400 1243 1509 1328 Turn

387 1399 471 1484 'ille
488 1432 508 1485 ε’
539 1397 645 1480 mihi
671 1422 774 1480 uero
799 1420 926 1477 omne
951 1409 1115 1500 tempus
1142 1405 1209 1469 est
1231 1384 1286 1470 ad
1311 1413 1432 1470 meos
1455 1379 1508 1464 li-

395 1537 498 1626 bros
520 1551 702 1624 uacuum
727 1543 746 1640 3⁴
780 1557 1014 1648 numquam
1037 1527 1272 1614 enimsunt
1295 1525 1364 1611 illi
1389 1556 1508 1612 occu-

396 1681 481 1799 pati
498 1721 511 1787 ς
543 1698 585 1762 te
609 1693 749 1759 autem
765 1697 1041 1787 permagnum
1055 1681 1116 1752 eat
1133 1669 1313 1756 nancisci
1331 1683 1388 1763 tf)
1406 1672 1509 1756 otio·

241 1850 274 1908 r.
294 1849 365 1933 ηε.
399 1850 494 1912 sum
511 1835 590 1924 (3),
622 1812 704 1902 hoc
719 1811 963 1931 praesertim
980 1829 1100 1894 motu
1119 1809 1125 1922 Ι
1142 1810 1203 1894 rei
1217 1807 1425 1934 publicae
1450 1833 1511 1903 tt).

440 1999 487 2067 (a)
509 1987 583 2047 Cod.
608 1991 724 2046 Tlrrrero
735 2001 821 2052 ,mox
836 1979 950 2038 iactum
971 1977 1103 2038 Tubero.
1118 1973 1210 2052 Atqui
1226 1973 1319 2054 paulo
1339 1975 1511 2056 postomni-

398 2097 437 2135 no
454 2071 595 2136 scribitur
612 2069 709 2147 prima
735 2085 825 2122 manu
846 2063 981 2124 Tubero:
1004 2057 1144 2118 librarius
1161 2058 1242 2116 eninr·
1256 2079 1293 2116 ne
1320 2060 1354 2117 in
1372 2061 1433 2120 suis
1450 2061 1511 2138 qui·

401 2159 468 2232 dem
487 2155 567 2218 uitiis
586 2165 719 2214 constans
737 2161 795 2220 est,
824 2145 931 2205 utalia
951 2143 1080 2224 plurima
1101 2139 1212 2201 codicis
1238 2143 1374 2223 exempla
1393 2145 1510 2203 docent.
1566 2141 1567 2208 3

441 2247 487 2320 (b)
510 2237 584 2300 Cod.
598 2239 824 2317 atpettarrisset5
843 2248 942 2310 moxp
959 2247 1015 2307 pro
1032 2239 1045 2285 t
1063 2223 1174 2304 scripta
1188 2223 1247 2284 luit
1264 2227 1436 2304 posteriore
1454 2247 1512 2286 rna·

398 2345 439 2385 nu
450 2327 461 2382 .'
483 2321 622 2401 Superius
641 2340 704 2397 cap.
725 2317 753 2374 tl
776 2314 917 2376 scribitur
930 2311 1027 2392 prima
1041 2322 1129 2367 manu
1144 2313 1294 2388 appellet.

412 2471 417 2484 ⁸
441 2417 482 2480 (c)
505 2409 550 2462 lta
569 2403 633 2462 eod.
652 2424 708 2481 pro
724 2406 825 2482 inqrrr't
837 2431 853 2455 a
868 2399 917 2472 (d)
939 2393 1061 2454 ltscod.
1079 2415 1101 2452 n
1116 2411 1174 2470 pro
1192 2414 1238 2454 m·
1261 2393 1400 2454 Vitiosae
1419 2405 1512 2454 autera

398 2491 564 2567 scripturae
583 2503 667 2542 causa
678 2481 753 2550 iuit,
772 2482 853 2559 quod
869 2501 890 2539 rt
907 2492 974 2538 ante
991 2497 1039 2545 ru,
1054 2475 1102 2533 uel
1121 2474 1212 2534 etiarn
1229 2475 1300 2534 alibi
1310 2521 1319 2549 ‚
1342 2477 1469 2535 sonabat
1485 2485 1514 2534 ut

398 2593 442 2630 m.
467 2571 524 2632 Sic.
545 2565 626 2646 apud
640 2565 746 2624 Guium
765 2587 811 2623 ru·
833 2566 899 2622 ¹60.
920 2569 972 2622 uin
987 2577 1044 2636 pru
1071 2563 1149 2618 uim-
1164 2559 1210 2617 'At
1229 2571 1330 2619 contra
1353 2559 1470 2619 ibidem
1488 2557 1515 2614 in

400 2653 546 2712 addendis
564 2671 594 2728 p.
615 2649 685 2708 360.
703 2649 855 2724 forsitam
877 2665 933 2724 pro
948 2646 1109 2719 forsitan.
1135 2649 1180 2716 (e)
1202 2643 1276 2701 Cod.
1294 2646 1435 2714 datiuum
1454 2653 1515 2698 mor

399 2739 510 2797 iactam
527 2736 657 2794 daim.
702 2733 753 2810 (l)
770 2729 892 2810 ⁰⁰³4·
909 2745 998 2784 manu
1018 2729 1177 2796 remissi,
1207 2745 1235 2784 a.
1254 2733 1389 2786 ammeca*
1400 2769 1407 2782 .
1433 2726 1516 2786 Eius·

399 2821 482 2892 ruodi
501 2817 560 2878 alia
581 2813 706 2873 certiora
723 2825 820 2872 errata
837 2823 866 2868 et
884 2805 1105 2868 emendationes
1121 2821 1224 2871 notare
1244 2809 1363 2885 saepius
1380 2821 1514 2888 praeter·
1564 2813 1565 2816 ’

400 2904 534 2962 mittam.
560 2898 714 2958 Manifesta
737 2895 815 2956 euim
832 2893 964 2963 menda,
987 2911 1062 2968 quae
1087 2902 1172 2956 uetus
1196 2909 1298 2948 manus
1325 2890 1445 2960 iamdiu
1470 2911 1516 2948 sn·

400 2986 486 3046 stulit
503 3029 512 3057 ‚
536 2999 762 3042 commemorare
784 2975 959 3058 scrupulose
976 2965 1007 3034 et
1021 2963 1183 3034 tectoribus
1199 2993 1356 3034 numerere
1373 2975 1452 3052 quid
1471 2974 1514 3032 de·

334 3131 337 3142 ,
400 3091 482 3129 mum
499 3065 639 3126 interest?

229 1629 258 1680 ts

400 3202 499 3268 bium
516 3217 574 3267 sat.
590 3201 636 3264 ΙΙ.
662 3223 714 3278 ra,
734 3215 802 3284 quo
820 3193 935 3260 tamen
981 3193 1037 3260 die·
1054 3191 1130 3258 idus
1148 3189 1264 3281 aprilis
1287 3189 1405 3258 latinis
1428 3191 1511 3258 seriis

401 3289 480 3360 locu
499 3289 697 3444 ¹legendum
729 3309 797 3352 esse
835 3287 936 3351 Lau·
980 3301 1030 3349 est
1065 3286 1245 3348 constitute
1276 3284 1369 3349 dies.
1397 3281 1510 3352 Dialo-

402 3399 535 3452 reutum
568 3395 646 3444 ocet
664 3379 733 3464 ipse
746 3376 867 3441 Cicero
886 3377 928 3440 de
975 3391 1164 3466 gestamen
1182 3373 1224 3439 de
1243 3374 1362 3464 repub.
1384 3373 1510 3441 habitus

401 3495 453 3538 cr.
475 3475 519 3538 ΙΙ.
534 3469 567 3538 6:
587 3469 684 3535 Horti
702 3463 840 3553 quidem
859 3467 929 3531 Ro·
974 3479 1024 3530 est
1036 3463 1179 3532 hiberno
1198 3479 1346 3556 ternpore
1361 3513 1372 3549 ,
1386 3481 1425 3534 ut
1443 3484 1510 3531 mor

402 3583 581 3628 manorum
627 3555 813 3624 suburbani
860 3555 938 3621 fere·
982 3557 1138 3624 dicetur.
1198 3601 1201 3607 ι

404 3669 528 3720 erant:
566 3653 678 3738 itaque
703 3645 870 3735 Ulpianus
894 3645 936 3711 de
989 3679 993 3686 ·
1030 3643 1084 3738 (a)
1108 3649 1159 3712 De
1194 3647 1380 3716 Tuberone
1410 3663 1443 3714 et
1471 3643 1508 3710 de

402 3741 552 3836 litigioso
589 3737 781 3830 decernitt¹
817 3737 934 3828 digest.
981 3733 1056 3804 aliis
1075 3736 1201 3830 dialogi
1214 3737 1508 3806 interlocutoribus

404 3839 470 3913 111.
492 3837 522 3903 3.
539 3839 571 3904 5.
593 3829 608 3922 )
628 3845 848 3926 praesentem
868 3825 940 3895 lttt-
983 3825 1057 3922 lege
1082 3831 1171 3902 dieta
1190 3831 1224 3894 iu
1243 3830 1469 3922 praefatione.
1566 3897 1567 3904 χ

404 3929 481 3997 beri
492 3927 598 4019 etqui
614 3929 651 3992 iu
665 3923 775 3991 tonis
791 3937 864 3986 est.
994 3921 1083 4077 Sd)
1098 3920 1274 3987 ldem'iere
1288 3924 1507 4012 estingressut
1566 3939 1567 4000 ξ

453 4016 506 4112 (ι)
531 4021 659 4105 Nempe
689 4015 800 4103 primo
835 4010 937 4078 feria-
983 4013 1036 4078 dia
1054 4015 1109 4105 ogi
1122 4013 1164 4078 de
1176 4011 1300 4078 finibus
1312 4005 1506 4082 I.5:deinde
1566 4021 1567 4084 t

403 4133 483 4178 rum
502 4110 629 4189 die‚id
648 4105 741 4198 quod
765 4105 938 4169 doeetra-
986 4105 1180 4195 Torquatus
1199 4109 1391 4196 ,quoniam
1423 4099 1506 4168 nacti
1566 4145 1567 4174 t

404 4203 454 4266 tio
477 4202 604 4293 dialogi
623 4201 658 4264 in
677 4215 744 4263 tres
774 4196 847 4261 dies
870 4195 940 4259 tri'-
984 4211 1031 4274 te,
1049 4199 1182 4289 inquit,
1201 4189 1503 4292 sumusalr'quandu
1566 4193 1567 4282 ]

404 4291 480 4359 buti
500 4342 509 4358 .
533 4291 638 4380 Apud
666 4290 805 4356 Liuium
828 4305 945 4355 xm.-
985 4292 1131 4356 otiosum
1146 4333 1155 4368 ‚
1173 4303 1266 4354 certe
1284 4288 1429 4356 audiam
1448 4298 1502 4349 etc·
1566 4283 1567 4370 l

412 4407 466 4478 19·
486 4385 674 4476 naupridie
692 4379 760 4452 kal.
781 4377 841 4448 uel
863 4379 943 4472 pri·
995 4422 1002 4432 ·
1033 4377 1087 4474 (4)
1111 4381 1311 4473 Disputatur
1328 4377 1455 4476 seilicet
1470 4387 1502 4440 e⁰
