3314 5658
1093 533 1215 598 XXXV

95 637 200 706 nimis
219 655 293 708 tum
305 642 569 712 etiam'maxiruis
586 643 703 713 seruile
719 641 809 712 helle
828 643 930 712 tradit
949 639 1114 710 Martialis
1128 663 1215 712 xtv.

101 769 195 838 190:
227 751 380 843 pellibus
414 759 550 848 exr'gur's
581 767 735 822 arctatur
765 752 882 822 Livius
911 759 1056 846 iugens,
1075 791 1097 806 -
1114 775 1214 846 quem

97 878 179 926 mea
207 884 280 928 aare
308 877 414 932 totum
433 860 642 930 bibliotheca
661 865 776 953 capit.
809 857 902 927 lllud
922 863 1021 928 etiam
1041 859 1217 957 observare

99 967 240 1034 memini
260 1013 270 1048 ,
290 991 357 1059 quo
376 969 486 1038 maior
504 985 553 1038 est
571 972 607 1038 iu
626 968 800 1038 codicibus
820 970 955 1059 spicum
972 967 1219 1060 pulchritudo,

97 1095 138 1139 eo
158 1097 257 1164 saepe
284 1075 440 1165 pluribus
458 1080 588 1146 mendis
606 1077 809 1168 exemplaria
827 1095 975 1146 scatere.
996 1079 1217 1146 Notissimum

99 1197 151 1248 est
165 1203 386 1252 amanuenses
402 1182 639 1278 (notariorum
653 1187 745 1252 enim
760 1183 909 1252 nobilior
922 1187 1005 1252 ordo
1017 1185 1083 1252 fuit
1095 1181 1109 1277 )
1120 1209 1139 1252 e
1150 1207 1221 1252 ser·

97 1311 222 1356 rorum
240 1313 340 1382 grege
359 1313 597 1381 saepenumero
610 1290 711 1360 luisse
726 1314 816 1382 aquo
836 1293 941 1385 magis
960 1293 1062 1358 miror
1075 1339 1085 1374 ‚
1098 1308 1149 1358 tot
1168 1293 1223 1356 iu·

98 1395 251 1486 signium
268 1397 428 1464 codicum
446 1399 655 1466 inventorem
669 1396 898 1488 lectoremque
911 1399 1076 1489 Fugiunt,
1096 1399 1157 1486 qni
1174 1395 1220 1462 li-

98 1501 180 1570 hros
200 1504 366 1572 eiusmodi
383 1508 539 1596 antiquos
558 1531 576 1572 a
593 1504 794 1574 mulieribus
812 1505 912 1572 fuisse
932 1505 1141 1594 conscriptos
1157 1502 1221 1570 sihi

99 1615 269 1700 persuasit
289 1609 364 1704 (ι).
392 1617 606 1706 Quamquam
623 1637 703 1684 vero
723 1637 897 1684 servornm
915 1611 1080 1682 nonnulla
1099 1611 1223 1680 erudi·

1 1735 2 1768 t
99 1721 147 1788 tio
161 1720 348 1810 suit,quas
359 1725 522 1790 nimirum
539 1724 665 1793 Seneca
678 1722 732 1817 (a)
746 1726 828 1792 dicit
845 1723 975 1792 litteras
993 1720 1223 1804 serviles‚ni-
1315 1743 1334 1756 “

100 1825 294 1894 hilominus
305 1829 341 1894 id
352 1853 457 1922 genus
469 1829 647 1898 hominum
660 1853 769 1922 neque
783 1829 938 1924 alinguis
956 1835 1102 1922 neque'a
1117 1847 1226 1900 cetera

99 1937 262 2007 doctrina
274 1959 372 2026 saepe
383 1955 558 2029 paratum,
572 1937 828 2030 calligraphiam
841 1959 937 2004 snam
949 1937 1065 2004 multis
1078 1936 1225 2027 magnis·

99 2068 168 2136 que
182 2047 315 2114 mendis
333 2044 557 2135 inquinabant
573 2095 582 2112 .
603 2047 690 2114 Hinc
702 2047 823 2116 Cicero
844 2043 897 2139 (3)
913 2045 980 2114 :cle
993 2047 1112 2114 latinis
1124 2045 1224 2114 libris

99 2175 166 2244 quo
185 2177 242 2224 me
263 2141 402 2222 vertam¹
422 2141 564 2231 nescias
588 2159 639 2222 ita
658 2153 823 2222 mendose
842 2171 878 2221 et
902 2153 1096 2224 scribantur
1113 2169 1149 2220 et
1166 2179 1225 2222 ve-

101 2274 233 2328 neunt.
255 2259 306 2326 De
326 2253 474 2325 librariis
492 2259 582 2340 suis,
602 2259 663 2349 qui
685 2259 775 2326 bona
787 2261 908 2348 scripta
928 2283 946 2323 a
965 2255 1133 2324 malisseu
1151 2279 1225 2324 me·

99 2366 279 2436 diocribus
297 2389 366 2436 non
385 2369 652 2462 distinguerent,
666 2369 886 2458 conqueritur
903 2365 1128 2459 Symmachus
1148 2360 1223 2456 (4).

102 2475 264 2565 Denique
295 2476 428 2544 codices
458 2475 684 2544 inemendatos
707 2490 742 2541 et
765 2472 1006 2565 exemplarium
1027 2471 1226 2538 varietatem

102 2607 176 2652 uon
207 2577 313 2651 semel
340 2583 496 2676 obiurgat
519 2583 769 2676 Hieronymus,
794 2581 992 2672 praesertim
1021 2580 1100 2672 quia
1120 2577 1226 2646 libra-

101 2695 239 2760 riorum
268 2685 473 2780 negligentia
503 2691 700 2756 auctorihus
729 2687 843 2758 haudi
875 2703 959 2756 esset
980 2682 1057 2782 (5)
1081 2687 1225 2756 Vatica-

102 2819 167 2862 nus
187 2817 326 2887 quoque
340 2799 382 2866 de
399 2823 471 2888 rep.
487 2799 761 2868 codcxmendose
772 2799 958 2866 admodum
975 2798 1121 2887 scriptus
1139 2796 1227 2874 suits

102 2925 211 2994 quam
241 2903 439 2982 horrentem
458 2929 613 2974 euroram
632 2923 778 2999 segetem
808 2907 932 2994 partim
950 2921 1046 2972 vetus
1064 2906 1225 2972 emenda·

102 3025 183 3093 tor,
207 3011 335 3102 partim
355 3035 417 3106 ego
436 3014 472 3080 in
499 3013 637 3082 scholiis
661 3015 787 3080 criticis
816 3015 972 3103 depastus
999 3037 1096 3080 sum.
1122 3011 1227 3082 Atta-

104 3138 185 3186 men
203 3121 241 3186 in
271 3119 338 3188 hoc
365 3122 481 3190 codice
511 3119 723 3188 multarunt
748 3121 937 3208 adpriscae
963 3117 1225 3208 orthographiae

104 3248 264 3294 normam
292 3228 477 3296 rectissime
496 3229 640 3316 scriptas
667 3228 856 3317 etquidem
877 3223 1039 3314 pleraque
1058 3225 1226 3293 constanti

108 3339 191 3406 adeo
227 3337 416 3427 priscorum
455 3337 613 3403 codicum
641 3336 843 3402 auctoritate
880 3334 1089 3418 firmantur,
1125 3351 1165 3401 ut
1190 3335 1228 3402 in

108 3469 211 3514 usum
228 3446 440 3514 cotidianum
462 3447 651 3514 revocanda
677 3445 855 3512 videantur
877 3465 908 3512 r.
928 3468 978 3536 gr.
999 3444 1230 3525 adulescens,

105 3558 269 3649 intellego
280 3601 290 3636 ,
302 3555 455 3648 querella
470 3599 480 3636 ‚
498 3557 618 3624 uilicus
632 3601 641 3635 ,
660 3555 803 3624 ut'lr'care
816 3601 825 3634 ‚
833 3559 979 3645 poenire
994 3563 1201 3647 *paenitere
1218 3595 1231 3634 ‚

108 3691 266 3736 maerere
279 3683 302 3747 ‚'
316 3683 483 3758 temptare
497 3711 508 3747 ‚
536 3681 670 3746 taeter,
686 3669 877 3732 tramittere
891 3709 900 3745 ,
930 3670 1066 3755 saepire
1080 3655 1106 3746 ‚⁹
1123 3684 1228 3756 atque

22 3816 28 3865 2
110 3773 176 3842 alia
189 3774 361 3865 plurima.
382 3777 454 3842 Etsi
465 3775 647 3842 hodiernae
664 3775 913 3843 consuetudinis
931 3790 1022 3842 tanta
1037 3779 1086 3846 ris
1103 3795 1229 3856 -est‚ut

21 4488 30 4825 l

110 3885 213 3950 etiam
231 3883 472 3954 confessatitia
485 3885 639 3976 placeant
653 3915 662 3952 ε
675 3907 762 3975 quiae
780 3886 886 3976 siquis·
904 3901 1081 3978 temptaret
1101 3891 1229 3956 abiice-

109 4017 172 4080 re,
195 3995 310 4064 statim
327 4017 407 4064 eum
433 3995 723 4064 circumlatrantes
747 3996 960 4088 grammatici
989 4017 1110 4064 omnes
1134 4018 1235 4067 coor-

23 4268 27 4285 ,
151 4219 199 4286 (ι)
218 4163 260 4268 ⁴lu
277 4208 363 4289 epist.
382 4211 464 4290 apud
484 4209 650 4271 hlahusium
734 4214 782 4286 (l)
804 4207 859 4284 Ep.
881 4227 911 4266 r.
934 4205 982 4268 85·

23 4300 28 4353 :
112 4295 206 4376 prael.
226 4293 266 4351 ad
282 4293 385 4353 Amhr.
404 4313 477 4354 eam.
496 4313 604 4370 pmcn.
734 4291 779 4366 (5)
805 4287 884 4351 Prol.
919 4291 951 4350 in
985 4290 1057 4368 lob5
1085 4289 1164 4370 prol.
1202 4293 1236 4352 in

153 4384 202 4452 (a)
225 4379 270 4435 Dc
288 4377 440 4454 tranquill.
461 4397 525 4456 cap.
546 4399 589 4435 rx.
692 4375 794 4436 chron.

153 4457 508 4540 &mumma
845 4547 867 4594 κ
