3286 5658
509 483 543 582 'a
570 515 585 578 ι
611 517 738 580 ern
771 513 836 581 vr.
1137 483 1229 576 32³

109 646 219 712 motu
237 633 407 740 ipsorum
425 633 573 712 orbitun
594 633 788 712 conficitur
806 666 817 704 ε
834 629 899 738 qui
917 644 1025 708 acuta
1045 655 1134 708 cum
1151 657 1232 731 gra-
1248 717 1259 736 ,x

109 757 247 856 nibus,
279 775 513 862 temperans,
534 759 655 834 uarios
670 755 906 859 aequabiliter
932 771 1135 834 concentus
1154 757 1232 834 effi·

110 879 193 952 εἰπε
221 903 290 956 nec
311 883 412 956 enim
438 879 582 958 silentio
610 881 704 954 tanti
720 895 844 957 motus
873 880 1020 956 incitari
1046 893 1232 986 possunt,

111 1003 141 1046 ‘⁶
169 1021 208 1078 et
228 1021 357 1080 natura
381 1008 451 1082 sert
474 1021 516 1082 ut
540 1020 702 1082 extrema
731 1025 776 1082 ex
796 1003 907 1082 altera
931 1022 1034 1110 parte
1051 1007 1232 1106 grauiter,
1319 991 1321 994 ⁵

108 1175 138 1220 „
167 1153 215 1202 ex
252 1127 363 1202 altera
396 1141 519 1204 autem
546 1143 652 1204 acute
681 1144 834 1202 sonent.
854 1131 978 1223 Quam
999 1123 1049 1204 ob
1080 1155 1232 1204 causam

108 1299 138 1344 „
170 1229 341 1326 summus
369 1249 431 1324 ille
458 1245 549 1324 caeli
578 1249 729 1324 stellifer
756 1273 919 1349 cursus,
947 1251 1052 1330 cuius
1073 1257 1230 1328 conuer-

109 1417 140 1467 „
169 1375 228 1449 sio
248 1389 304 1450 est
330 1376 576 1470 concitatior,
607 1388 719 1450 acuto
738 1388 775 1449 et
795 1375 958 1452 excitato
975 1391 1150 1452 mouetur
1165 1400 1233 1450 so.

110 1549 139 1592 „
168 1521 250 1573 noe
274 1496 497 1599 grauissimo
523 1511 646 1572 nutem
671 1495 743 1572 hic'
757 1499 892 1575 lunaris
920 1513 1030 1604 atque
1056 1500 1232 1576 infimnse

109 1671 139 1718 „
169 1647 259 1698 nam
277 1629 373 1696 terra
398 1643 498 1694 noua
516 1617 709 1694 inmobilis
728 1645 909 1718 manens,
930 1620 1006 1697 ima
1031 1622 1114 1698 sede
1136 1645 1233 1698 sem-

110 1795 139 1835 „
166 1769 235 1844 per
250 1740 394 1837 haeret,
424 1739 607 1842 conplexa
624 1739 790 1816 medium
810 1741 941 1818 mundi
959 1740 1088 1820 locum
1103 1747 1179 1816 (ai.
1201 1797 1232 1840 „

109 1861 171 1936 Illi
187 1879 313 1938 autern
339 1876 428 1938 octo
446 1885 574 1936 cursus
593 1919 605 1955 ,
624 1862 663 1936 in
682 1863 814 1964 quibus
839 1865 967 1940 endem
985 1867 1042 1940 uis
1067 1875 1123 1940 est
1137 1867 1235 1942 duo·

108 2009 215 2081 rum,
238 2001 380 2088 septem
395 1985 559 2060 efficiunt
572 1983 768 2060 distinctos
785 1985 988 2064 interuallis
1012 1972 1150 2066 sonos:
1168 1987 1233 2091 qui

107 2104 285 2184 numerus
299 2134 422 2182 rerum
443 2102 614 2182 omnium
633 2107 707 2183 sere
725 2107 846 2184 nodus
859 2111 970 2185 esto>
988 2106 1114 2215 :qnod
1128 2109 1235 2186 docti

106 2225 281 2306 homines
304 2229 426 2306 neruis
445 2227 582 2304 imitati
608 2245 718 2332 atque
744 2232 939 2329 cantibus,
969 2261 1140 2336 aperuere
1161 2231 1233 2309 sibi
1313 2248 1315 2257 ⁴

10 2369 12 2374 ’
106 2352 270 2428 reditum
300 2353 338 2427 in
357 2347 454 2427 bunc
480 2353 638 2428 locnme
666 2353 764 2430 sicut
781 2350 844 2428 alii
875 2355 938 2457 qui
960 2353 1234 2458 praestantibus

107 2474 261 2575 ingeniis
277 2477 316 2550 in
335 2476 413 2551 uita
425 2477 591 2550 bumana
619 2475 743 2553 diuina
762 2477 882 2552 studia
898 2479 1092 2554 coluerunt
1111 2537 1121 2554 .
1144 2485 1232 2562 Hoc

109 2601 236 2677 sonitu
254 2599 426 2703 oppletae
441 2623 543 2676 aures
560 2599 755 2674 bominum
774 2601 1068 2677 obsurduerunte
1088 2631 1157 2681 nec
1176 2617 1233 2681 est

104 2716 206 2796 ullus
224 2721 390 2798 hebetior
403 2745 527 2795 sensus
541 2719 581 2794 in
595 2721 704 2795 nobis
722 2751 732 2792 e
752 2722 849 2808 sicut
873 2723 938 2797 ubi
956 2720 1063 2802 Nilus
1082 2725 1131 2800 ad
1144 2727 1231 2822 illa,

108 2863 201 2940 quae
229 2840 421 2944 Catadupa
437 2841 704 2937 nominantur,
733 2841 954 2944 praecipitat
979 2873 1024 2921 ex
1041 2843 1230 2922 altissimis

97 2961 329 3057 montibus,
358 2989 399 3036 ea
417 2987 530 3060 gens,
554 2973 645 3064 quae
672 2959 780 3038 illum
804 2960 934 3040 locum
950 2963 1114 3068 accolit,
1141 2995 1232 3072 pro·

109 3095 195 3180 pter
209 3079 497 3177 magnitudinem
510 3081 653 3156 sonitus
670 3135 681 3174 ,
698 3107 805 3156 sensu
824 3081 996 3160 audiendi
1015 3107 1115 3165 caret
1130 3147 1140 3165 .
1157 3091 1230 3166 Hic

107 3225 198 3292 uero
217 3213 337 3274 tantus
354 3214 411 3274 est
429 3201 542 3274 totius
556 3196 689 3272 mundi
717 3202 971 3280 incitatissima
989 3207 1231 3288 conversione

110 3321 253 3396 sonitus
270 3377 282 3415 ,
298 3335 341 3396 ut
356 3345 445 3402 ,eum
466 3345 570 3396 aures
588 3317 785 3398 homiuum
810 3335 941 3428 capere
958 3351 1034 3405 non
1057 3335 1229 3435 possint,

110 3443 209 3520 sicut
242 3445 377 3522 intueri
406 3441 743 3520 solemaduersum
773 3448 964 3552 nequitis,
994 3455 1143 3558 eiusque
1169 3486 1230 3534 ra.

109 3566 180 3644 diis
198 3568 295 3642 acies
319 3581 439 3672 uestra
461 3579 656 3670 sensusque
682 3567 868 3646 uincitur.
895 3557 1083 3678 Haeeego
1102 3578 1228 3655 adrui·-

109 3713 219 3786 rans,
240 3688 443 3798 referebam
471 3699 596 3764 temen
623 3685 753 3765 oculos
769 3689 818 3768 ad
843 3702 979 3774 terram
997 3697 1227 3800 identidem.

212 3813 385 3896 XVIIII.
416 3813 515 3886 Tum
527 3811 752 3908 Africanus,
772 3817 918 3914 sentio,
942 3821 1091 3923 inquit,
1120 3841 1156 3900 te
1173 3855 1228 3902 se-

109 3933 332 4026 demetiam
355 3958 454 4015 nuno
478 3935 677 4012 homiuum
699 3963 742 4010 ac
768 3935 926 4054 domum
952 3921 1197 4053 contemplari
1217 3985 1228 4029 ς

152 4129 199 4198 (a)
220 4113 331 4184 Loium
345 4118 427 4182 hune
448 4139 463 4181 e
482 4111 563 4180 sexto
581 4117 619 4180 de
636 4140 698 4201 rep.
720 4117 790 4184 citat
808 4121 927 4185 Bottius
944 4127 983 4188 de
999 4133 1110 4198 musica
1129 4137 1152 4194 1.
1172 4165 1223 4202 μ,

110 4267 114 4272 ,
146 4211 200 4284 (ὁ)
219 4213 331 4270 Locum
346 4207 440 4276 hunc,
457 4203 506 4262 uel
523 4205 554 4264 in
574 4207 803 4286 precedentibus
820 4209 964 4284 similem,
991 4208 1147 4297 selegisse
1166 4195 1222 4286 di-

109 4305 254 4370 monstrat
269 4291 466 4368 Hieronymus
482 4309 529 4368 ep.
549 4309 662 4350 aaran.
685 4311 721 4370 ¹9
738 4292 790 4352 ubi
813 4293 873 4353 nite
891 4317 932 4356 an
941 4300 1083 4376 forsitan
1105 4308 1222 4384 Pytha-

110 4387 261 4448 geramel
286 4377 449 4454 Archytam
465 4378 664 4450 tarentinum,
689 4388 718 4434 et
734 4378 877 4438 Publium
900 4388 1068 4465 Scipionem
1085 4393 1118 4450 in
1135 4406 1220 4458 sexto

109 4455 150 4518 de
163 4479 225 4540 rep.
247 4460 286 4520 de
300 4463 410 4539 inpari
424 4477 546 4526 nttmero
557 4459 710 4542 proferam
724 4461 935 4595 disputaptesi
